3100 5125
456 496 609 563 trusa
635 498 827 567 xxxur
1131 528 1170 598 η

98 648 176 692 nem
203 624 249 692 ab
273 622 458 695 Hannibale
486 628 581 696 mitti.
609 630 701 699 Inter
728 632 917 725 Caepionem
928 616 950 653 '⁸
977 656 1109 727 quoque
1139 651 1173 707 et

97 732 250 799 Drusum
274 754 316 798 ex
335 730 435 800 anulo
454 734 488 801 in
509 734 667 803 auctione·
679 735 806 822 venali,
827 737 1003 805 inimicitiae
1023 763 1171 834 coepere:

97 835 189 903 unde
200 838 299 930 origo
310 837 441 906 socialis
454 837 531 906 belli
541 838 575 922 ¹⁹,
587 854 619 909 et
635 843 731 910 exitia
750 865 872 909 rerum.
884 844 936 910 Ne
950 855 1020 910 tum
1035 846 1168 939 quidem
1187 868 1203 921 5

97 966 214 1009 omnes
234 958 408 1012 senatores
421 944 629 1013 babuerunt:
652 964 768 1041 utpote
786 972 890 1041 quum
912 952 1069 1019 memoria
1088 976 1171 1021 avo-

97 1072 171 1115 rum
195 1047 296 1116 multi
311 1064 456 1143 praetura
477 1076 607 1143 quoque
629 1052 751 1138 suncti,
766 1055 801 1120 in
818 1054 906 1121 ferro
922 1060 1172 1145 consenuerint,

97 1154 180 1221 sicut
202 1152 430 1248 Calpurnium
442 1157 467 1183 ²⁰
481 1170 515 1224 et
534 1155 749 1245 Manilium²¹‚·
770 1161 826 1253 qui
845 1158 970 1255 legatus
984 1163 1055 1231 Caii
1073 1164 1172 1233 Marii

96 1258 203 1327 luerat
220 1262 431 1354 iugurthino
445 1259 547 1347 bello,
565 1263 745 1333 Fenestella
761 1265 861 1334 tradit
876 1290 883 1332 :
898 1280 932 1333 et
950 1266 1044 1336 multi
1060 1271 1098 1337 L.
1113 1272 1172 1337 Fu·

98 1364 213 1433 fidium
223 1366 248 1393 '²
265 1366 378 1453 illum,
400 1367 442 1435 ad
462 1392 559 1462 quem
581 1370 723 1447 Scaurus
741 1370 783 1439 de
802 1373 868 1439 vita
888 1394 946 1439 sua
965 1375 1116 1466 scripsit:
1136 1375 1172 1443 in

97 1472 319 1558 Quintiorum
333 1462 358 1500 ²³
373 1496 453 1543 vero
481 1473 602 1542 samilia
625 1498 762 1563 aurum,
793 1500 836 1545 ne
860 1476 996 1545 seminas
1021 1478 1171 1571 quidem,

96 1576 218 1645 babere
242 1604 321 1647 mos
343 1578 464 1647 fuerit:
486 1578 667 1673 nullosque.
680 1584 816 1651 omnino
834 1580 949 1651 anulos
969 1584 1075 1676 major
1094 1608 1171 1679 pars

95 1686 245 1777 gentium
268 1684 529 1778 bominumque,
545 1688 642 1755 etiam
656 1690 713 1780 qui
728 1689 789 1756 sub
811 1690 951 1781 imperio
971 1704 1086 1759 nostro
1108 1691 1169 1759 de-

95 1803 197 1882 gunt,
219 1788 392 1884 hodieque
413 1791 544 1861 habeat.
567 1794 645 1863 Non
668 1794 776 1886 signat
800 1795 920 1862 Oriens
940 1808 998 1863 aut
1009 1796 1205 1891 AEgyptuso

94 1985 288 2055 Carthaginem
324 1987 413 2052 missi,
448 1986 613 2060 dignitasque
656 1988 795 2063 utriusque
810 1987 956 2042 inimicitiis
971 1988 1167 2054 dictumautea.

92 2067 223 2135 equestris
252 2078 343 2119 urata
364 2085 522 2120 mensura·
547 2068 613 2122 Tres
655 2066 1128 2139 tibroxxvl11‚cap.si.ttim.

93 2148 204 2216 August.
227 2142 266 2197 cle
287 2146 396 2198 Civitat.
418 2147 481 2212 Dei,
494 2148 540 2199 lib.
556 2148 612 2213 111,
699 2165 742 2217 19.
759 2147 864 2201 Soeinlis
884 2147 948 2200 beili.
965 2148 1027 2200 Sive
1041 2150 1165 2215 Marsici,

92 2242 148 2295 esp.
167 2244 201 2293 ¹9
216 2244 224 2277 :
239 2248 252 2270 ι
267 2226 309 2277 De
321 2226 451 2278 Cannensi
463 2239 548 2279 autem
560 2246 613 2279 ma·
654 2222 688 2278 de
700 2244 754 2296 quo
764 2225 854 2279 Livius
866 2226 893 2278 in
903 2226 1026 2297 Epitorue
1039 2228 1056 2281 l.
1065 2228 1165 2293 Lxxl,

93 2302 198 2374 loqnid
216 2303 308 2358 dicam
323 2310 381 2358 i...
396 2303 468 2358 uurle
483 2305 610 2359 Hannibal
653 2305 757 2357 LXXII
783 2316 809 2358 et
827 2304 960 2366 Lxxltl,
983 2322 1032 2358 uos
1056 2326 1163 2378 quoque

94 2394 146 2435 tres
169 2382 280 2437 modios
307 2384 448 2437 anulorum
468 2404 610 2439 aureorum
652 2384 773 2455 superius
787 2381 820 2435 ad
834 2384 1162 2456 librum11,cap.85.ii.

94 2462 286 2533 Carthaginem
303 2464 376 2516 misit
392 2483 398 2514 τ
414 2482 468 2534 quo
481 2464 609 2535 intellige·
657 2494 692 2505 -
709 2464 737 2515 ln
754 2462 825 2528 ferro
848 2467 1019 2514 consenuerint.
1041 2464 1113 2517 Brut.
1130 2482 1164 2519 ex

95 2556 153 2596 rent
165 2554 268 2595 tantam
286 2543 316 2595 ia
332 2543 381 2596 illo
392 2544 484 2614 pralio
497 2542 610 2616 dignita·
653 2540 792 2596 codicibus
808 2540 889 2612 Regg.
912 2553 940 2594 et
957 2539 1072 2596 editione
1086 2544 1163 2615 prin-

96 2635 151 2674 tem
162 2621 288 2675 cecidisse
303 2641 454 2696 romanam,
468 2635 496 2675 ut
509 2623 611 2677 facilius
652 2622 727 2692 cipe.
751 2625 775 2672 in
783 2623 866 2688 ferreo
880 2625 1061 2680 wmenroerins,
1082 2624 1163 2676 anulo

96 2719 154 2754 earn
163 2715 269 2773 oaperet
283 2719 418 2767 mensura,
431 2721 508 2773 quam
520 2721 610 2755 nume·
651 2699 784 2754 videlicet.
801 2703 853 2753 En.

95 2799 147 2833 rus.
165 2807 176 2828 ι
194 2781 308 2845 Livius,
323 2782 369 2833 lib.
386 2782 497 2845 xxm,
512 2784 609 2834 famam
694 2799 735 2831 ao.
750 2779 916 2848 Cniprurniurn.
930 2779 969 2832 Μ.
981 2780 1161 2853 Calpurnium

95 2877 148 2912 esse
167 2861 307 2913 veriorem
330 2861 446 2913 affirmat
469 2859 502 2913 de
529 2841 609 2914 unicis
651 2859 813 2920 Flammam,
840 2856 875 2911 de
904 2876 959 2929 quo
985 2878 1034 2912 nos
1058 2862 1161 2932 egimus

96 2937 196 2994 nodio.
208 2940 249 2992 Ut
258 2953 290 2992 ut
307 2952 345 2993 est
354 2979 361 3003 ‚
370 2940 499 3010 sequitur,
509 2942 610 3012 equites
651 2939 698 2992 lib.
715 2937 797 2990 xxti
807 2955 883 3008 ‚cap
899 2939 926 2990 6.
936 2937 1029 2992 illan.

94 3033 146 3071 turn
156 3021 269 3090 gesisse
282 3019 383 3080 anulos,
393 3037 483 3072 aureas
493 3020 608 3072 scilicet:
694 3035 738 3072 at.
750 3017 773 3068 E
775 3029 786 3066 t
792 3017 929 3068 Manilium.
941 3016 983 3071 Sic
993 3018 1070 3071 etiam
1081 3017 1159 3074 MSS.

95 3117 176 3171 mam
197 3100 277 3166 prins
294 3097 321 3151 id
343 3098 443 3150 senatui
463 3110 563 3150 tantum
578 3098 610 3151 li·
652 3095 697 3148 Ab
711 3097 808 3148 Orosio
818 3101 847 3148 Α.
858 3096 988 3149 Manlium
1003 3097 1160 3169 Mariilega-

93 3191 171 3232 neres
183 3179 222 3232 Et
234 3179 309 3231 bnnc
317 3178 497 3249 promiscuum
510 3177 611 3231 Plinius
652 3187 708 3230 tum
723 3175 849 3246 appellari
862 3175 951 3228 audio.
963 3175 1053 3230 lirun.

93 3277 168 3312 amm
183 3271 276 3310 vocat.
293 3257 382 3310 liano.
695 3257 785 3308 aa.L.
800 3254 930 3325 Fufidium.
946 3255 990 3307 Sic
1002 3257 1079 3310 MSS.
1092 3259 1158 3329 lieg.
1210 3325 1216 3330 ι
1300 3323 1305 3333 .

135 3339 181 3392 18.
221 3337 293 3391 Inter
320 3337 464 3406 Caepionem.
496 3335 556 3388 Fuit
589 3335 611 3390 is
656 3346 719 3398 a,et
734 3333 823 3388 Cbil'li.
839 3353 893 3386 nou
912 3333 1044 3387 Fusidiun.
1058 3335 1101 3389 Sic
1113 3355 1159 3408 pa·

92 3417 124 3484 Q.
133 3415 382 3486 ServiliusCaspiu,
390 3417 461 3468 bello
472 3415 560 3468 sociali
573 3415 610 3468 le·
652 3415 717 3468 riter
726 3414 997 3484 inscriptionesvarire
1005 3414 1076 3485 apud
1087 3415 1160 3469 Gru·

92 3511 166 3568 pras
177 3497 280 3550 Rutilii
294 3495 425 3557 consulis,
444 3513 514 3548 auno
529 3495 611 3548 Urbis
653 3505 748 3547 terum.
774 3493 870 3546 Cicero
888 3510 996 3564 quoque
1017 3495 1044 3546 iu
1066 3495 1159 3549 Bruto.

93 3581 167 3642 664,
205 3577 257 3643 qui
287 3577 482 3629 circumventus
508 3573 612 3628 insidiis
653 3572 971 3625 itinn-Deouana
988 3573 1159 3642 sanisiaco.

92 3657 149 3710 iaso
164 3655 290 3710 exercitu
306 3653 412 3708 cecidit.
433 3654 555 3725 Epirome
569 3655 612 3708 Li·
653 3651 724 3707 dices
753 3651 835 3722 llegg.
862 3662 890 3704 et
912 3650 994 3703 editio
1017 3652 1160 3724 princeps,

93 3735 141 3802 rii,
154 3737 205 3789 lib.
222 3735 333 3790 Lxx1:
353 3761 364 3783 ι
383 3735 421 3786 Μ.
437 3734 527 3786 Livius
542 3735 611 3787 Dru·
652 3732 744 3785 scribit.
757 3731 799 3783 De
810 3729 901 3785 Scauri
915 3731 966 3783 vita
981 3733 1041 3785 satis
1055 3731 1110 3786 disi
1124 3730 1159 3786 ad

93 3817 274 3870 sustribnnus
284 3815 323 3886 pl.
336 3814 441 3868 socialis
450 3812 513 3865 belli
522 3826 612 3867 auctor
653 3811 738 3868 Tacit.
746 3811 803 3863 Vit.
816 3810 934 3880 Agricol.
945 3828 1002 3879 cap.
1018 3827 1043 3866 s.
1056 3812 1140 3864 Bnor.

91 3895 219 3959 creditne,
230 3895 367 3948 incertum
381 3913 472 3966 aquo,
486 3891 558 3945 domi
569 3911 614 3946 oc·
694 3890 738 3944 ²3.
750 3891 781 3942 ln
798 3891 959 3958 Quintiorum.
980 3889 1157 3954 Quintiorum

91 3975 158 4029 dans
173 3971 612 4043 eat.»1nsidiacredisapud(irs·
654 3967 753 4023 familia
777 3971 867 4021 Rornae
893 3968 977 4030 clara,
1004 3981 1030 4020 et
1051 3968 1160 4037 patricia

92 4057 198 4126 pionem
215 4055 271 4109 fuit
283 4095 291 4118 ‚
305 4054 394 4127 inquit
407 4053 499 4106 Aurei.
509 4051 611 4117 Victor,
655 4049 721 4113 luit,
732 4050 761 4101 in
768 4067 820 4119 qua
827 4045 995 4108 Cincinnati,
1006 4046 1160 4117 Capitolini,

90 4135 134 4190 lib,
158 4133 195 4190 de
207 4135 289 4190 Viris
308 4132 405 4187 illustr.
425 4149 484 4201 cap.
506 4133 553 4186 66.
570 4131 611 4183 De
655 4128 788 4198 Crispini,
801 4125 957 4188 Flaminini,
973 4121 1082 4178 direrus
1097 4137 1165 4179 tera·

157 4235 227 4304 IX.
1000 4247 1020 4290 ²
