3100 5125
306 636 309 649 Ι
352 554 393 601 ιο
618 532 656 601 C.
685 532 851 601 PLINll
876 530 982 600 NAT.
1010 530 1140 598 HIST.

346 663 561 733 dimentnm¹⁹
579 666 686 758 potuit
708 666 743 732 in
764 689 805 733 eo
829 661 962 759 aliquod
981 661 1137 756 intelligi,
1156 663 1254 730 etiarn
1278 663 1412 731 serioris

347 754 453 839 ιιιιιε30
467 784 699 864 argumentum
715 784 783 856 est,
799 771 905 863 majus
922 771 955 837 in
970 768 1050 837 laera
1068 768 1184 849 fuisse,
1195 790 1260 859 qua
1278 781 1407 837 scutum

348 951 447 1004 veritur
466 963 532 1004 eeaet
550 953 783 1021 reprehensionem
798 972 860 1023 pro·
904 950 991 1004 llbod.
1011 969 1075 1003 vero
1091 950 1139 1002 lib.
1153 950 1195 1014 X,
1207 968 1267 1020 cap.
1282 948 1410 1020 6,legit.

348 1030 443 1085 horum
471 1030 627 1097 bominum,
653 1030 745 1085 dextra
769 1033 859 1104 potino
902 1034 1042 1084 insertorii:
1056 1028 1136 1101 idque
1154 1029 1412 1099 enceinterpretatm

295 1134 296 1137 ¹
349 1122 507 1164 utenteuet.
522 1107 610 1163 lleuu.
902 1113 989 1183 lorum
1007 1110 1086 1163 anulo
1099 1108 1196 1168 simile.
1214 1108 1286 1161 inter
1298 1106 1370 1181 quod
1383 1121 1410 1161 et
1430 1169 1434 1177 ⁴

392 1208 437 1259 ²9·
455 1190 558 1256 (luudsi
567 1180 763 1259 impudimeirtum.
776 1188 858 1255 Quod
890 1204 1006 1259 'eentum
1023 1189 1162 1242 brachium
1181 1188 1315 1250 inseritur,
1338 1186 1412 1239 Grae·

350 1262 371 1321 ei
391 1268 498 1337 objiciat
519 1269 614 1338 aliquia
638 1270 756 1322 suturam
780 1270 859 1323 fuisse
903 1288 994 1323 corum
1011 1275 1152 1339 rumpite«.
1167 1268 1223 1336 Ego
1234 1267 1303 1337 lego,
1315 1286 1410 1317 conser-

351 1346 545 1417 impeditiorem
568 1346 601 1399 ed
624 1367 759 1402 armorum
782 1368 858 1402 urum
904 1351 979 1411 tomo,
1004 1347 1031 1399 id
1052 1347 1212 1409 est,militis
1230 1346 1359 1416 pugnauit
1380 1364 1412 1398 ee

350 1422 483 1477 dexteram
498 1444 620 1490 manum,
637 1428 658 1479 si
674 1427 753 1481 uuulo
766 1447 859 1481 onera·
901 1425 1053 1491 bellatoria,
1072 1426 1118 1497 qui
1133 1426 1236 1479 fortiter
1248 1438 1275 1477 et
1292 1424 1412 1478 alacriter

350 1517 442 1557 retnr:
462 1504 560 1557 seriore
579 1504 664 1559 adbuc
680 1520 768 1571 aetate,
783 1534 794 1554 ι
809 1508 860 1561 boc
903 1526 1000 1578 pugnae
1017 1519 1044 1559 et
1062 1505 1199 1558 conflietus
1215 1518 1335 1575 tempore
1349 1523 1410 1557 cunr

334 1616 339 1625 ·
352 1594 407 1643 eet,
420 1584 502 1637 multo
514 1597 573 1653 poet
581 1586 696 1657 Trojana
706 1599 855 1657 tempora,·
903 1588 979 1640 hoste
986 1604 1078 1637 manus
1087 1584 1211 1637 conserit.
1219 1584 1412 1638 Dar..-Etiam

351 1662 423 1716 levae
454 1682 562 1735 quoque
588 1664 715 1719 intertum
746 1667 857 1732 anulum
903 1687 925 1719 s.
936 1687 1000 1718 ustas.
1010 1665 1105 1719 Gravia
1118 1684 1192 1717 error
1203 1663 1312 1734 irrepsit
1325 1662 1370 1717 bic
1384 1664 1412 1715 in

351 1757 588 1814 eane,argnnrento
602 1758 654 1807 eet,
669 1744 740 1815 quod
756 1746 783 1797 in
796 1745 862 1798 leva
904 1758 1059 1799 contextum
1084 1745 1243 1797 Pliniunum.
1266 1743 1414 1813 legebatur

352 1840 432 1875 manu
449 1825 530 1891 maius
541 1824 760 1894 impedimentum
772 1826 861 1888 luerit,
904 1826 974 1878 enirn
988 1837 1049 1877 ante
1064 1842 1126 1876 nor:
1143 1851 1153 1870 ι
1165 1821 1245 1888 Quod
1260 1822 1282 1873 ai
1299 1820 1413 1891 iuipedi·

261 1951 266 1960 ,
352 1918 404 1972 qua
418 1920 514 1971 nempe
527 1917 631 1955 scutum
643 1904 861 1975 capitumllann.
906 1918 1025 1957 mentum
1042 1904 1173 1975 potuitin
1197 1901 1416 1972 coaliuteiligi,

353 1982 485 2051 -Quod
505 1984 528 2033 si
552 1984 748 2053 impedimentum.
773 1984 862 2037 Aliam
905 1986 983 2037 etiam
996 1983 1153 2036 correertoris
1167 2001 1215 2035 usu
1230 1993 1415 2051 argumentum

353 2077 457 2113 cauum
471 2061 548 2114 risen
563 2064 665 2116 Atreius
677 2063 782 2134 Capito,
790 2060 863 2133 apud
906 2076 956 2127 est,
971 2065 1054 2133 majus
1067 2064 1094 2115 iu
1108 2064 1172 2114 leva
1188 2060 1281 2123 inisse,
1291 2078 1343 2129 qua
1356 2078 1425 2115 ecu-.

354 2138 474 2193 Macrob.
489 2140 729 2205 Saturn.lib.Vll,
740 2162 800 2214 cap.
819 2141 863 2207 13,
908 2155 962 2195 tum
980 2144 1090 2212 rapitur.
1105 2168 1117 2189 .
1141 2144 1179 2193 Ex
1198 2139 1331 2191 Hermolai
1349 2139 1419 2193 Ram.

356 2236 416 2289 pag.
432 2220 485 2274 6²5
501 2240 507 2271 :
527 2246 538 2266 ι
551 2220 671 2285 Veteres,
687 2222 791 2293 inquit,
808 2241 861 2273 non
906 2223 966 2275 bari
979 2222 1086 2274 osiiuina
1100 2219 1201 2292 prodiit
1215 2218 1285 2271 istud
1297 2230 1414 2270 conserto·

354 2311 475 2362 ornatur,
495 2296 541 2352 ced
562 2299 683 2371 signandi
704 2319 779 2353 causa
799 2320 861 2353 anu·
908 2306 941 2353 ris
958 2322 1011 2355 usu.
1028 2303 1123 2371 Rege
1145 2298 1245 2361 codex,
1258 2296 1422 2368 Lugdunen-

354 2375 410 2429 lum
428 2396 516 2431 aecum
533 2379 774 2432 circumferebant:
793 2378 864 2433 unde
908 2382 956 2443 eia,
973 2381 1064 2435 chiffl.
1079 2399 1201 2450 quoque.
1218 2378 1304 2431 etalii
1321 2376 1418 2448 proba-

354 2474 403 2509 nec
418 2456 476 2527 plue
491 2456 589 2509 babere
605 2476 683 2528 qrrum
702 2478 785 2511 unum
804 2459 867 2512 lice·
908 2461 984 2513 tiorie
999 2474 1086 2523 notu,
1098 2474 1201 2511 «etiem
1212 2458 1319 2510 sertorio
1330 2475 1414 2509 uene·

355 2534 610 2608 bat,ueccniquam
624 2538 673 2591 nini
685 2538 865 2610 libero:quos
909 2540 1061 2610 planissime
1099 2538 1233 2591 exhibent.
1268 2536 1418 2592 Parmensis

355 2615 424 2668 coloe
444 2613 510 2668 fider
527 2616 697 2681 discerneret,
714 2638 773 2689 quae
784 2619 867 2689 signa·
909 2619 1008 2684 editio,
1031 2638 1092 2672 cum
1117 2616 1281 2688 Rbodigino,
1306 2615 1419 2686 repetita

354 2695 416 2748 culo
430 2695 588 2748 continetur.
599 2694 663 2748 Ideo
671 2699 714 2768 jus
723 2698 866 2750 anulorum
908 2699 1006 2771 prioris
1041 2699 1113 2750 vocis
1145 2709 1281 2766 postrema
1314 2695 1422 2758 littera„

356 2773 446 2827 iemuli
466 2793 520 2827 non
534 2775 673 2828 habebant.
688 2776 865 2846 lmprimeba·
912 2805 923 2827 ·
935 2780 1014 2831 etium
1027 2777 1158 2829 insertorii
1173 2794 1254 2838 unu„
1268 2773 1419 2845 legit.an-

356 2865 400 2905 tnr
409 2866 497 2905 autem
509 2854 645 2924 eculptura
656 2857 769 2908 materiae
778 2855 866 2922 anuli,
908 2860 996 2921 nebo,
1010 2854 1119 2909 Adverr.
1136 2855 1184 2908 lib.
1197 2855 1256 2918 vl,
1272 2872 1329 2923 cap.
1345 2873 1360 2906 a
1368 2891 1376 2914 ,
1393 2866 1421 2907 et.

356 2932 411 2985 aire
427 2951 458 2985 ex
474 2932 562 2997 ferro,
578 2933 634 2986 sive
654 2953 686 2986 ex
697 2953 762 2987 auro
777 2935 864 2988 foret:
910 2937 1108 2999 Kircbmanno,
1124 2935 1170 2986 lib.
1191 2932 1225 2986 de
1239 2933 1350 3000 Anulia,
1361 2932 1417 3000 pla·

357 3023 384 3064 et
409 3011 566 3083 gestabatur,
583 3024 612 3064 ut
640 3013 751 3084 quisque
773 3016 866 3078 vellet,
910 3015 1317 3070 cuit-eriamrartorieusue:n
1334 3030 1418 3083 quum

356 3109 523 3163 quacumque
533 3111 627 3154 manu,
639 3094 758 3164 quolibet
771 3092 864 3164 digito.
910 3114 961 3147 vox
972 3098 1071 3146 sartoris
1078 3128 1086 3152 ,
1097 3111 1148 3164 pro
1160 3111 1192 3144 eo
1204 3091 1249 3162 qui
1260 3104 1341 3144 vester
1353 3091 1420 3151 ruit,

357 3168 449 3222 Postea
473 3188 533 3223 usus
556 3171 712 3225 luxuriantia
734 3175 815 3226 oraria
833 3174 867 3226 ei·
910 3175 943 3227 eit
960 3174 1051 3243 priscis
1072 3173 1180 3244 ignota:
1201 3171 1300 3236 nec,ei
1313 3183 1420 3242 receptu

357 3249 608 3320 gnaturaepretiosie
617 3253 726 3320 gemmis
736 3253 815 3322 coepit
828 3253 867 3305 in·
910 3272 941 3306 ea
961 3255 1044 3314 iuret,
1063 3264 1164 3306 constet
1182 3250 1270 3303 adbuc
1283 3249 1421 3302 sententie.

357 3330 505 3400 sculpere...
522 3331 591 3384 Hinc
604 3331 700 3383 iactum
715 3344 753 3384 cst
765 3345 793 3384 ut
804 3351 867 3386 usur
910 3333 1078 3395 Gronovius,
1092 3330 1138 3402 qui
1154 3334 1251 3382 serioris
1266 3349 1321 3381 usin
1339 3328 1423 3382 etiam

357 3409 497 3460 anulorum
512 3423 651 3479 exemptus
662 3408 791 3472 dexterae,
808 3430 867 3482 quae
910 3412 937 3464 in
953 3411 1060 3484 gemino
1077 3429 1125 3463 auo
1142 3408 1234 3462 codice
1250 3409 1325 3480 legit,
1338 3405 1419 3460 Aead.

357 3488 470 3540 inultum
485 3489 620 3558 negotium
637 3489 720 3558 gerit,
733 3490 760 3542 in
774 3488 866 3543 leram
910 3504 936 3544 et
951 3492 1094 3554 vossiano,
1112 3489 1285 3542 nibilominus
1300 3506 1423 3542 armorum

357 3565 525 3638 relegaretur,
539 3585 598 3640 que
612 3567 721 3621 otiosior
740 3581 806 3622 est:
833 3588 867 3622 ne
911 3575 965 3622 usui
988 3569 1142 3641 reponebat.
1163 3568 1242 3621 Irrito
1263 3586 1356 3620 omnea
1374 3585 1420 3620 co·

358 3641 866 3702 crebromotuetoliiciomanuedextrae
909 3663 973 3702 natu
984 3689 991 3716 ,
1003 3647 1096 3700 audaci
1110 3659 1180 3700 certe
1195 3659 1314 3700 veterum
1333 3664 1422 3698 exem·

357 3725 467 3795 pretiosi
481 3725 581 3806 lapides
594 3727 804 3798 frangerentur.»
815 3727 850 3780 Η.
909 3729 1022 3799 plurium
1040 3727 1171 3798 neglectu.
1184 3727 1254 3790 Noa,
1269 3727 1366 3795 quibus
1378 3743 1420 3777 re·

398 3803 442 3856 io.
453 3805 538 3857 Etiam
547 3809 643 3870 serioris
654 3827 717 3860 usus.
729 3807 801 3860 Olim
812 3806 868 3861 edi·
909 3808 973 3878 ligio
994 3820 1032 3859 est
1049 3807 1082 3858 ab
1099 3824 1190 3859 eurum
1209 3805 1323 3877 vestigiis
1335 3802 1420 3856 diere·

357 3897 436 3937 tum:
460 3891 599 3938 consertoris
613 3905 666 3940 usu.
682 3887 746 3958 Legi
763 3898 864 3956 potest,
910 3883 989 3949 dere,
1018 3885 1133 3938 litterula
1160 3884 1238 3936 unice
1265 3884 1424 3947 immutata,

361 3982 448 4016 -cunr
469 3965 575 4017 cartorio
595 3985 666 4018 usu:
686 3992 696 4012 ι
720 3984 812 4018 rerum
838 3967 866 4017 in
911 3969 1006 4017 serioris
1019 3985 1074 4018 usus
1088 3965 1140 4034 legi
1155 3964 1293 4033 jussimus,
1311 3980 1342 4016 ue
1360 3963 1422 4015 rcri-

357 4043 468 4116 antiquo
479 4041 571 4098 codice
580 4045 685 4116 legitur,
692 4049 793 4097 sartoris
803 4065 867 4097 usus.
911 4045 995 4114 ptorie
1015 4063 1119 4097 censum
1142 4041 1360 4112 interpretatione
1375 4061 1422 4093 no·

358 4123 477 4176 Turneb.
493 4121 601 4176 Adverr.
625 4125 670 4177 lib.
686 4125 739 4190 Vl,
757 4143 813 4194 cap.
836 4145 867 4188 ²3
907 4123 1245 4197 etruprimipateiecimne.
1258 4121 1425 4197 Numquam
