3100 5125
447 568 602 665 monn
626 568 812 635 xxxrv.
1093 526 1157 635 {55

101 707 128 771 in
146 702 315 770 bonorem
332 700 413 793 ejus.
432 701 461 767 E
482 684 634 769 diverso⁶
651 701 780 768 Annius
797 696 941 795 Fetialis,
958 710 1158 791 equestrem,

100 833 165 901 quae
184 806 292 876 fuerit
312 819 429 875 contra
445 805 555 874 Jovis⁷
577 807 714 876 Statoris
730 805 834 874 tndem
857 807 891 873 in
911 801 1073 872 vestibulo
1096 805 1157 872 Su·

101 913 185 1006 perbi
214 912 358 999 domus,
380 908 523 980 Valeria
555 911 655 981 fuisse
678 907 857 981 Publicolis
887 908 1029 979 consulis
1059 908 1157 979 filiae:

101 1042 231 1111 nmque
253 1017 361 1087 solam
386 1017 562 1111 refugisse,
583 1018 793 1112 Tiberimque
818 1017 1014 1103 transvisse,
1034 1016 1160 1085 canteris

102 1123 284 1209 obsidibus,
301 1148 375 1218 quae
394 1126 571 1193 Porsennae
591 1125 824 1212 mittebantur,
844 1122 1048 1217 interemptis
1077 1124 1159 1191 Tar-

108 1229 199 1323 quinii
214 1229 356 1299 insidiis.
1014 1304 1021 1325 .

146 1337 241 1402 XIV.
263 1337 391 1405 Lucius
410 1338 487 1406 Piso
506 1334 671 1431 prodidit,
689 1338 739 1405 M.
760 1333 918 1422 AEmilio¹,
936 1336 974 1404 C.
992 1331 1119 1428 Popilio
1130 1356 1159 1403 rr
1179 1356 1192 1391 ¹

107 1440 263 1509 consulib.
290 1465 310 1509 a
331 1442 524 1512 censoribus
536 1444 571 1511 Ρ.
586 1441 741 1511 Cornelio
759 1442 929 1537 Scipione,
947 1442 994 1509 Μ.
1014 1436 1160 1532 Popilio,

106 1561 218 1615 statuas
248 1549 359 1617 circas
376 1547 486 1624 lorum
508 1573 623 1618 eorum
642 1550 699 1643 qui
717 1550 945 1643 magistratum
968 1558 1160 1641 gesseruut,

106 1651 237 1722 sublatas
257 1678 394 1741 omnes,
415 1668 535 1755 praeter
554 1677 609 1723 ens
629 1678 703 1749 quas
724 1653 840 1749 populi
858 1667 916 1721 aut
938 1665 1070 1721 senatus
1088 1675 1160 1719 scn-

106 1760 194 1826 tentia
215 1774 354 1828 statuta·
369 1774 488 1829 essent.
508 1763 590 1829 Eam
609 1784 807 1854 veroquam
829 1758 918 1854 apud
932 1758 1034 1827 aedem
1049 1755 1158 1826 Tellu-

108 1866 157 1931 ris²
172 1868 345 1934 statuisset
365 1866 426 1935 sibi
445 1862 500 1960 Sp.
523 1867 671 1952 Cassius,
692 1868 750 1960 qui
773 1890 913 1960 regnum
929 1864 1159 1949 affectaverat,

107 1969 190 2037 etiam
206 1972 391 2041 conflatam
411 1996 429 2039 n
452 1974 653 2041 censoribus.
674 1973 840 2040 Nimirum
861 1972 895 2037 in
916 1994 955 2039 ea
972 1992 1104 2063 quoque
1124 1992 1160 2037 re

109 2075 268 2145 ambitioni
285 2077 510 2171 providebant
524 2076 569 2145 illi
581 2080 652 2145 viri.
666 2081 805 2147 Exstant
821 2078 958 2145 Catonis
974 2077 1008 2142 in
1022 2097 1160 2145 censura

108 2182 370 2266 vociferationes,
398 2182 587 2251 mulieribus
609 2186 754 2252 romanis
772 2186 806 2251 in
831 2183 1010 2277 provinciis
1031 2195 1155 2250 statuas

109 2289 182 2378 poni.
203 2290 279 2357 Nec
303 2303 415 2357 tamen
429 2290 537 2383 potuit
550 2282 718 2371 inhibere,
731 2314 798 2383 quo
814 2291 923 2355 minus
940 2290 1055 2355 llomae
1074 2310 1156 2379 quo·

111 2417 160 2484 que
171 2408 392 2487 ponerentur,
410 2396 507 2463 sicuti
526 2393 688 2464 Cornelios
704 2394 935 2463 Gracchorum
951 2394 1067 2475 matri,
1085 2414 1159 2484 quae

111 2497 159 2566 luit
173 2500 325 2570 Africani
348 2484 484 2596 prioris³
503 2498 577 2570 filiu.
606 2492 829 2570 Sedens'huic
850 2499 974 2594 posita,
999 2495 1160 2591 soleisque

110 2691 136 2744 de
156 2694 312 2748 Porsenna:
339 2695 504 2748 ¹Luudntam
526 2698 607 2768 virgi-
653 2701 709 2766 596
727 2697 765 2750 bl.
783 2697 906 2750 AEmilius
921 2698 1051 2767 Lepidus,
1069 2696 1099 2750 C.
1113 2697 1163 2750 Po.

110 2791 159 2824 nem
176 2767 338 2843 (Cloelinm)
351 2790 427 2846 parte
438 2776 563 2829 obsidum
579 2797 607 2830 se
650 2778 732 2849 pilius
747 2778 839 2830 Lenss
855 2775 1014 2837 secundum,
1041 2777 1162 2830 consula·

110 2849 192 2905 donare
209 2852 305 2907 dixit:
328 2855 384 2925 ipsa
397 2874 466 2928 quos
479 2857 608 2909 relletle·
650 2869 707 2909 tum
728 2875 847 2927 gessere:
867 2875 1004 2910 censuram
1026 2855 1057 2908 P.
1078 2856 1161 2914 Corn.

109 2944 185 2998 geret:
201 2933 344 3001 productis
361 2935 485 2987 omnibus
499 2935 606 3006 elegisse
650 2935 739 3008 Scipio
763 2937 869 2999 Nasica,
890 2937 927 2988 bl.
951 2935 1038 3006 Popil.
1051 2937 1162 3002 Lenes,

110 3009 447 3079 impuberesdicitur,etc.=
462 3015 552 3067 liano.
649 3015 707 3070 Caii
738 3016 836 3080 irater,
872 3017 1040 3086 lustrumque
1076 3016 1162 3069 iecere

141 3092 162 3141 6.
191 3090 214 3143 E
239 3093 347 3145 diverso.
374 3093 417 3146 Sic
450 3091 607 3148 dissidentes
650 3095 754 3148 LIVex
764 3095 856 3148 Fastis.
866 3095 903 3146 Ex
915 3095 964 3148 hac
973 3094 1073 3166 Popilia
1084 3108 1162 3165 gente

111 3170 255 3239 scriptorum
286 3175 430 3225 sententias
457 3173 549 3226 recitat
581 3185 607 3227 et
650 3175 733 3226 multo
750 3187 841 3244 postea
856 3185 944 3227 ortum
958 3173 1033 3226 duxit
1048 3191 1161 3230 mor.

111 3246 229 3304 Plutarch.
245 3252 275 3303 in
295 3252 449 3322 Poplicola,
465 3272 526 3324 pag.
542 3270 606 3322 197,
650 3255 826 3308 incurrimus.
846 3272 870 3305 r.
886 3273 910 3306 r.
923 3269 985 3306 irc.
1004 3266 1029 3305 et
1042 3251 1161 3322 ejusdem

112 3327 158 3379 aliis
167 3329 233 3382 banc
245 3331 347 3384 Cloelie
357 3333 608 3396 statuam,Valeriae
651 3332 704 3384 lilin
724 3334 841 3399 Helena,
859 3333 886 3386 in
907 3351 1020 3385 nummo
1036 3345 1160 3402 argenteo

114 3405 159 3458 diis
174 3408 397 3481 adjudicantibus.
417 3411 498 3476 Quod
511 3413 608 3464 iterum
651 3431 760 3482 perraro
784 3413 929 3484 appellata,
947 3431 1064 3464 ursuni.
1085 3429 1113 3463 rs.
1135 3431 1160 3465 r.

113 3489 194 3555 repetit
217 3488 339 3542 deVirt.
365 3495 429 3542 mul.
449 3511 506 3562 pag.
533 3491 606 3544 250:
652 3491 746 3542 Heleno
768 3493 902 3561 Nepotiani
917 3490 989 3561 filia,
1012 3493 1161 3564 alteraque,
1262 3553 1267 3566 μ

113 3555 211 3621 dilucet
221 3575 279 3639 γοῦν
289 3571 393 3639 ἔφιππος
407 3571 474 3622 sicbs
486 3576 608 3641 γυναικὸς,
653 3570 754 3623 Fsvsrs
769 3589 798 3623 rt.
812 3589 836 3623 r.
849 3571 942 3622 Fausta
954 3569 1161 3642 Nepotrirrrifilia,

114 3644 146 3696 lsi
158 3651 197 3708 τῆς
209 3645 268 3702 idcir
285 3656 331 3709 τῆς
346 3651 410 3719 ἱερᾶς
424 3652 607 3722 λεγομένης,ἥν
652 3648 724 3722 pud
735 3651 767 3702 D.
782 3649 1037 3703 staturosum.

114 3723 131 3772 tl
142 3726 180 3792 pis
194 3732 237 3789 τῆς
252 3729 384 3789 Κλοιλίας,
400 3730 421 3780 οἱ
437 3725 467 3781 di
482 3734 526 3791 τῆς
540 3733 608 3783 Orin-
693 3749 717 3782 ².
734 3730 812 3802 Apud
818 3729 891 3782 eedem
904 3731 1015 3783 Telluris.
1026 3731 1059 3783 In
1067 3739 1162 3799 quarta

113 3806 180 3871 Ἀρίας
193 3809 300 3878 >ipsosne
313 3803 384 3860 sissi.
399 3809 489 3862 llsnn.
651 3810 733 3863 Urbis
747 3811 854 3882 regione
869 3809 999 3880 templum
1018 3808 1133 3862 Telluris
1147 3823 1162 3859 a

146 3901 169 3951 7.
180 3885 253 3940 Iovis.
268 3889 386 3958 Regionis
399 3883 482 3940 Urbis
493 3885 605 3942 decima.
651 3889 681 3941 P.
703 3889 811 3942 Victore
839 3889 970 3942 statuitur.
998 3889 1039 3939 De
1063 3885 1162 3957 Spurio

116 3961 164 4012 llis
182 3977 217 4016 est
236 3967 269 4019 ab
292 3966 341 4019 ists
368 3984 427 4037 qne
450 3967 477 4020 in
498 3967 608 4038 regione
651 3967 741 4021 Cassio
752 3970 854 4039 egimus
864 3987 887 4021 c.
901 3987 926 4036 9.
941 3969 1032 4019 lisso.

115 4056 152 4090 ¹1¹
167 4055 232 4096 tram
250 4045 370 4098 Tiberim
393 4047 533 4099 Valeriana
555 4061 606 4100 sta·
691 4047 938 4120 &Africomprtoru
948 4045 1080 4116 Scipionis
1090 4043 1162 4097 Atri-

116 4127 151 4168 tna
162 4121 192 4172 ab
204 4140 235 4174 eo
247 4126 374 4177 collocata
387 4124 490 4194 legitur.
506 4127 541 4178 Η.
650 4125 709 4178 rani
722 4129 829 4197 majoris
840 4128 919 4198 vulgo
934 4123 1010 4178 dicti.
1020 4122 1090 4177 Vide
1102 4123 1163 4176 Plu-

148 4197 216 4252 ΧΠ.
231 4223 254 4255 r.
271 4203 604 4258 M.AEmttto,snn.11rb.
650 4207 734 4259 tsr‘cb.
758 4208 785 4260 in
802 4205 930 4260 Gracchis
949 4204 1008 4278 ipso
1029 4203 1114 4257 initio.
1130 4205 1163 4256 In

502 4363 506 4368 ·
555 4345 563 4374 l
