3100 5125
346 504 417 590 488
619 507 659 576 C.
684 505 858 576 PLINlI
883 507 992 574 Nar.
1017 507 1145 573 HIST.

347 639 479 732 quidem
502 637 687 732 praedictis,
705 637 763 706 sed
780 635 884 706 multo
901 638 1088 731 spectatior.
1113 620 1307 730 AEthiopicis
1329 635 1416 732 lapi-

314 753 331 810 t
348 743 444 812 dibus
452 745 488 828 ¹⁰,
510 745 652 838 assurgit
668 766 807 814 cccnxu
832 741 971 837 pedibus
992 743 1078 811 inter
1099 739 1236 836 angulos
1248 743 1285 808 ²¹.
1304 745 1412 813 Vesti-

347 852 401 945 gia
411 850 435 877 ¹²
447 849 700 918 aedificationum
714 848 805 918 nulla
820 863 960 919 exstant.
977 851 1086 917 Arena
1098 846 1164 917 late
1176 872 1260 942 pura
1272 849 1414 936 circum,

348 955 444 1025 lentis
464 955 692 1039 similitudine,
716 955 821 1050 qualis
845 957 879 1024 in
903 955 1021 1049 majori
1045 969 1139 1049 parte
1158 953 1290 1024 Africa.
1316 955 1414 1043 Que-

348 1062 493 1130 stiouum
509 1086 638 1130 summa
650 1076 718 1145 est,
730 1085 874 1156 quanam
885 1063 1012 1130 ratione
1024 1063 1058 1132 in
1068 1075 1192 1130 tantam
1207 1059 1413 1130 altitudinem

346 1168 505 1236 subvecta
523 1170 590 1237 sint
607 1182 777 1237 caementa.
804 1168 866 1237 Alii
883 1168 971 1236 enim
988 1169 1075 1236 nitro
1098 1191 1137 1237 ac
1155 1155 1253 1235 sale²³
1272 1166 1413 1260 adagge-

346 1275 427 1343 ratis
440 1299 516 1343 cum
531 1289 698 1351 crescente
713 1298 832 1368 opere,
851 1297 890 1343 ac
906 1288 1040 1369 peracto
1059 1273 1203 1342 fluminis
1222 1274 1418 1367 irrigatione

347 1378 458 1449 dilutis
473 1407 480 1448 :
495 1379 548 1449 alii
561 1379 717 1451 lateribus
731 1406 750 1450 e
764 1379 835 1449 luto
848 1380 943 1450 factis
961 1381 995 1448 in
1013 1381 1157 1475 privatas
1174 1377 1292 1448 domos
1309 1378 1414 1448 distri·

346 1476 477 1556 butis²⁴.
508 1487 622 1556 Nilum
653 1489 741 1556 enim
771 1512 839 1556 non
862 1501 980 1581 putant
1002 1489 1110 1581 rigare
1132 1487 1278 1581 potuisse
1307 1485 1414 1556 multo

346 1592 566 1662 humiliorem.
582 1595 623 1663 In
640 1593 812 1689 pyramide
826 1595 969 1662 maxima
984 1607 1034 1664 est
1054 1595 1142 1662 intus
1160 1581 1311 1688 puteus¹⁵
1325 1605 1415 1662 octo·

346 1776 552 1844 comprehendant.
565 1776 706 1841 Pococn,
721 1777 772 1829 loc.
784 1795 857 1848 supr.
903 1775 951 1830 aed
972 1776 1138 1846 conjunctim
1162 1787 1190 1829 et
1208 1775 1305 1838 semel,
1331 1793 1379 1828 ceu
1402 1793 1417 1828 a

346 1852 419 1907 laud.
435 1855 468 1908 ait
482 1873 510 1908 te
525 1857 703 1909 obser'tassce
721 1857 860 1910 cacumine
903 1855 955 1910 deo
975 1857 1118 1926 quopiam,
1141 1857 1201 1908 tota'
1221 1855 1266 1908 illa
1287 1855 1372 1908 moles
1390 1855 1416 1907 iu

346 1934 455 2004 majoris
480 1933 626 2004 pyramidis
655 1933 775 1989 eamdem
805 1935 860 1989 iere
903 1935 1068 1989 circumfusis
1080 1935 1165 1988 arenis
1175 1935 1417 1988 collocataesseri·

348 2031 404 2065 esse
416 2013 556 2084 utriusque
569 2013 744 2067 altitudinem.
756 2015 808 2068 Eo.
903 2011 1006 2068 dentur.
1022 2040 1033 2061 ι
1051 2015 1141 2069 liano.

390 2112 433 2146 ao.
451 2093 598 2164 AEtlubpicis
612 2094 739 2163 lapidibus.
757 2094 860 2147 AEthio-
947 2095 993 2148 23.
1015 2096 1070 2148 Alii
1086 2098 1148 2147 enim
1166 2099 1230 2145 uitro
1247 2114 1277 2145 ac
1292 2094 1354 2145 sals.
1367 2091 1416 2146 Alii

347 2173 410 2243 pico
420 2171 524 2242 lapide,
533 2172 566 2225 ad
578 2173 696 2226 medinm
708 2192 794 2245 usque
805 2192 862 2227 essu
904 2174 976 2226 enim
988 2173 1127 2244 aggeribus
1139 2192 1155 2226 e
1168 2174 1241 2226 uitro
1258 2186 1286 2225 et
1299 2173 1367 2237 sale,
1383 2173 1417 2225 si·

347 2251 506 2328 conflatam,
529 2251 680 2306 Herodotus
702 2267 741 2306 est
759 2266 861 2319 auctor,
905 2253 961 2305 mul
974 2266 1003 2306 ut
1014 2255 1148 2307 crescebat
1158 2271 1227 2322 opus
1239 2293 1246 2318 ,
1256 2252 1349 2313 factis,
1361 2253 1418 2303 sub-

349 2330 484 2403 Euterpe,
498 2333 542 2395 11,
553 2351 580 2384 u.
596 2333 659 2396 134.
673 2333 765 2386 Hun.
905 2345 979 2385 vecta
990 2345 1114 2386 cementa
1127 2334 1221 2386 aiunt:
1235 2332 1282 2403 qai
1297 2349 1417 2403 aggeres,

391 2428 437 2464 si.
451 2412 722 2480 lateraugrlos.1nter
733 2431 808 2482 pares
817 2431 862 2464 an·
905 2431 986 2482 opere
992 2410 1182 2484 peractodiluti
1191 2411 1418 2480 sintflurninisper

349 2491 438 2560 gulos:
448 2491 584 2544 eratenim
598 2491 736 2562 quadrata.
747 2492 863 2564 Singulis
906 2493 1008 2544 canales
1018 2493 1129 2545 immissi
1139 2492 1302 2564 irrigatione.
1307 2489 1419 2542 Diodor.

348 2569 474 2623 luteribus
487 2573 538 2623 tria
550 2573 657 2642 πλίθρα,
677 2573 732 2625 sire
751 2574 802 2625 tria
823 2590 862 2623 se·
907 2572 990 2624 siml.
1004 2574 1055 2625 loc.
1076 2574 1120 2625 cit.
1139 2586 1278 2645 postquam
1296 2588 1418 2641 aggerum

248 2662 256 2677 ⁸
328 2649 477 2721 ·rniy'ugers
489 2649 643 2705 Herodotus
655 2642 790 2709 attribuit,
803 2652 821 2704 1.
838 2668 861 2704 c.
906 2650 1068 2706 adminiculo
1079 2650 1229 2722 deportatos
1239 2650 1342 2722 lapides
1352 2648 1418 2704 dixit

352 2731 442 2783 uano.
906 2729 941 2782 sd
969 2730 1139 2803 pyramidum
1165 2743 1341 2794 structuram,
1366 2731 1421 2782 hiso

394 2830 438 2862 aa.
449 2810 567 2880 Vestigia.
577 2810 701 2864 Totidem
710 2812 798 2865 verbis
806 2811 863 2865 hac
907 2811 995 2864 statim
1008 2812 1143 2883 subjungit
1156 2830 1162 2862 :
1177 2801 1334 2881 dntyttpoist
1344 2805 1376 2862 ti
1385 2830 1420 2862 rr·

350 2888 464 2942 Diodor.
477 2890 528 2943 ste.
541 2891 611 2942 Bibl.
621 2893 650 2956 l,
659 2911 688 2963 p.
701 2893 737 2961 57
751 2908 757 2944 :
769 2892 820 2945 Καὶ
835 2896 863 2947 τὸ
907 2910 944 2951 νος
969 2899 1017 2943 τῶν
1037 2891 1176 2963 Αἰγυπτίων
1193 2892 1361 2961 ττροτολυγτῖν
1380 2889 1419 2943 tsi

351 2970 575 3040 θωμαστότατον,
589 2973 616 3023 τὸ
636 2977 775 3027 τηλικοῦτον
794 2972 862 3042 Ιργον
907 2972 1023 3038 portata
1035 2971 1095 3041 ὑπὲρ
1108 2973 1198 3024 τούτων
1208 3010 1215 3035 ,
1224 2972 1338 3040 λίγονττς
1352 2972 1383 3029 ὡς
1397 2969 1421 3032 ii
1443 3020 1446 3027 ,

351 3052 595 3120 κατουκουαομίνον.
606 3050 647 3102 καί
659 3053 863 3121 τοῦποριίχοντυς
908 3050 1031 3115 &brinul
1040 3052 1119 3121 νίτρου
1132 3056 1179 3107 τῶν
1191 3049 1316 3118 χωμοίτων
1329 3050 1421 3119 γογονί·

352 3130 429 3181 τόπου
442 3132 535 3191 παντὸς
546 3126 681 3200 ἁμμώδους
695 3132 782 3191 ὄντος,
795 3126 863 3183 οὐδὲν
908 3150 972 3195 των,
984 3131 1111 3200 ίπαριθείς
1125 3132 1136 3183 ί
1150 3130 1264 3200 ποταμὸς
1277 3128 1366 3191 iamin
1380 3128 1421 3180 καί

351 3208 429 3275 ἴχνος,
441 3211 495 3262 οὔτι
506 3213 548 3261 τοῦ
555 3210 686 3280 χώματος,
697 3211 752 3263 οὔτι
762 3216 807 3271 τῆς
816 3216 863 3264 τῶν
907 3205 1017 3262 δώωσιν
1033 3208 1116 3274 αὐτὰ,
1135 3208 1177 3263 καί
1190 3216 1319 3269 narretis<
1338 3208 1423 3275 νίριίντ-

352 3288 421 3340 λίθων
438 3288 592 3359 ξτςουργίας,
617 3291 793 3355 ἀπολοίποται,
815 3291 863 3351 rice
908 3308 966 3353 σον,
986 3290 1041 3341 driu
1059 3295 1103 3349 τῆς
1119 3293 1287 3359 χειροποιήτου
1303 3306 1422 3357 πραγμα-

352 3363 434 3420 domis
454 3375 489 3437 μὴ
502 3376 559 3420 κατ’
573 3369 650 3439 ὀλίγον
670 3370 719 3421 ὑπ”
732 3368 863 3439 ἀνθρώπων
907 3369 983 3429 τοίως.
996 3396 1008 3417 ι
1023 3367 1211 3439 AEgyptiorum
1224 3368 1349 3419 nonnulli
1360 3385 1422 3437 pro·

354 3449 483 3511 ίργασίας,
499 3447 561 3501 ἀλλὰ
578 3446 716 3506 consibiis
731 3449 773 3501 asi
790 3452 865 3521 ὁμοῦ,
908 3445 1010 3519 digiose
1022 3446 1056 3500 de
1066 3448 1106 3501 his
1119 3448 1209 3519 loqui,
1220 3460 1247 3499 et
1259 3447 1350 3499 nescio
1361 3463 1423 3517 quas

254 3522 265 3599 ᾗ
352 3527 549 3596 decapitationis
560 3529 865 3600 τινοςτὸκωτποκτίοιομυ
908 3527 1010 3580 fabulas
1022 3540 1153 3580 conantur
1168 3524 1313 3579 obtrudere
1329 3522 1421 3597 :quod

353 3612 451 3664 τιθῆναι
464 3610 514 3659 πᾶν
528 3608 561 3668 τίς
582 3608 626 3663 τὴν
639 3611 799 3677 πτριίχουσον
817 3610 867 3677 τίμ-
907 3607 1035 3659 nimirum
1050 3626 1133 3681 quum
1151 3624 1258 3677 aggeres
1279 3605 1323 3658 isti
1342 3604 1422 3658 esaie

355 3706 409 3755 ρον.
432 3712 444 3733 ι
459 3686 493 3738 Et
516 3685 589 3757 quod
612 3688 754 3739 maximam
782 3687 866 3758 pariat
908 3686 1280 3749 etnitrooonstarent‚fl·urins
1289 3686 1422 3737 immissus

353 3764 570 3828 admirationem,
583 3766 745 3819 substructio
759 3778 813 3817 tam
825 3767 867 3819 in·
909 3785 955 3819 eos
968 3766 1089 3837 liquarit,
1101 3764 1296 3836 dissolutosqus
1314 3780 1423 3835 promus

245 3882 249 3887 -
355 3863 416 3897 sana
433 3847 549 3915 perlecta
568 3858 607 3897 est
621 3847 649 3898 in
663 3847 722 3898 loco
734 3846 782 3917 qui
794 3858 865 3898 totus
910 3845 1067 3910 aboleverit,
1085 3845 1182 3898 intacta
1200 3845 1290 3915 operit
1307 3843 1423 3897 absoluti

356 3924 569 3996 circumquaque·
581 3943 706 3977 arenosus
720 3938 773 3988 est,
790 3938 820 3979 ut
834 3943 868 3978 ne
912 3937 1052 3979 structura.
1070 3951 1081 3973 ι
1096 3926 1189 3977 Hann.

357 4004 492 4073 vestigium
500 4002 867 4076 quidem,tumtggeris,tunr
954 4012 1000 4068 ²4.
1017 4006 1047 4057 ln
1057 4006 1165 4074 primas
1183 4004 1265 4055 domat
1278 4003 1420 4055 distributis.

357 4082 415 4135 etesi
429 4096 456 4135 et
470 4084 548 4154 politi
563 4083 659 4155 lapidis
677 4085 710 4137 sit
724 4084 866 4157 reliquum.
912 4086 1022 4139 Peracto
1037 4102 1128 4155 opere.
1142 4082 1233 4136 ilino.

357 4157 437 4213 Unde
447 4162 502 4216 uon
513 4164 641 4233 paulatim
649 4164 790 4219 bominum
801 4184 866 4235 ope,
953 4166 999 4219 οδ.
1017 4165 1068 4217 Est·
1086 4168 1149 4217 intio
1160 4175 1254 4233 puteus.
1276 4162 1364 4217 Exstat
1377 4158 1424 4213 ad*
