3100 5125
315 516 386 600 246
580 522 617 586 C.
641 517 809 586 PLlNll
835 519 940 586 NAT.
968 521 1096 586 HIST.

313 635 1376 744 rio⁴fiat.Probantur⁵minimeterrenae,minimequelapidosa:

279 791 292 822 ν
312 771 501 850 coquuntur
518 755 734 849 lavanturque
749 758 862 826 scoriae
874 756 985 826 modo.
1006 759 1094 825 Usus
1112 758 1145 824 in
1164 753 1282 850 liparas
1290 741 1315 842 ⁶,
1332 757 1376 825 ad

224 879 231 888 ·
312 862 461 932 lenienda
471 860 758 956 refrigerandaque
773 862 932 930 hulcera:
949 862 1209 958 emplastrisque,
1220 885 1293 956 quae
1306 887 1375 931 non

312 966 488 1063 alligantur
505 993 512 1033 :
527 967 584 1036 sed
599 966 699 1036 illita⁷
718 968 760 1037 ad
779 970 963 1038 cicatricem
983 968 1188 1063 perducunt,
1200 969 1235 1035 in
1253 970 1378 1037 teneris

313 1074 507 1167 corporibus
529 1071 791 1167 mollissimisque
812 1075 970 1168 partibus.
997 1074 1202 1168 Compositio
1230 1074 1300 1166 ejus
1325 1089 1376 1142 est

312 1177 403 1248 libris
419 1178 541 1264 tribus,
559 1194 593 1247 et
606 1205 690 1250 cerae
708 1178 792 1248 libra
812 1205 898 1266 una,
918 1179 980 1249 olei
996 1181 1101 1250 tribus
1115 1180 1272 1266 heminis,
1284 1178 1374 1272 quod

276 1366 280 1376 ,
312 1286 347 1353 in
369 1283 461 1354 senili
485 1309 626 1378 corpore
651 1310 727 1354 curn
750 1285 895 1355 fracibus
921 1286 1063 1356 additur.
1091 1289 1311 1379 Temperatur
1342 1299 1376 1354 et

313 1414 388 1458 eum
410 1413 527 1484 spuma
547 1393 694 1486 argenti,
716 1406 749 1459 et
775 1393 881 1460 scoria
902 1391 1048 1487 plumbi,
1069 1391 1110 1460 ad
1134 1391 1375 1484 dysenteriam,

312 1510 346 1564 et
367 1511 568 1583 tenesmum,
584 1497 728 1565 fovendo
745 1484 876 1566 calida³.

280 1633 291 1666 ι
366 1603 712 1696 LlV.Psimmythium
723 1602 731 1626 ¹
744 1629 891 1698 quoque,
911 1604 976 1672 hoc
993 1618 1053 1690 est,
1067 1625 1251 1689 cerussam,
1265 1600 1377 1695 plum·

311 1708 410 1778 bariae
428 1708 509 1777 dant
526 1709 677 1779 officinae.
691 1707 989 1780 Laudatissimum²
1004 1711 1037 1777 in
1050 1708 1181 1778 Rhodo.
1198 1711 1250 1777 Fit
1264 1723 1376 1777 autem

311 1816 466 1882 ramentis
494 1801 640 1909 plumbi³
672 1817 868 1885 tenuissimis
898 1841 997 1910 super
1022 1840 1079 1885 vas
1098 1815 1182 1884 aceti
1204 1816 1376 1908 asperrimi

312 1922 487 2014 impositis,
509 1933 608 2014 atque
627 1923 673 1988 ita
693 1920 936 1991 distillantibus.
963 1915 1064 2010 Quod
1082 1945 1123 1990 ex
1143 1946 1183 1989 eo
1201 1920 1319 1989 cecidit
1340 1922 1375 1988 in

308 2110 372 2144 cura
385 2109 415 2143 ac
429 2089 566 2161 diligentia
578 2105 767 2162 praeparatum.
779 2094 820 2145 De
865 2090 1006 2162 mitigandi
1017 2089 1118 2145 doloris
1129 2109 1223 2156 causa,
1236 2109 1304 2162 aqua
1312 2092 1376 2145 cali·

309 2170 414 2240 gemina
423 2169 494 2222 euim
510 2169 677 2241 molybdaena
690 2171 821 2243 sequitur,
865 2169 897 2224 da
913 2171 1041 2224 foventur.
1064 2171 1133 2223 Diu.
1149 2201 1189 2212 -
1202 2169 1322 2223 Forendo.
1342 2172 1378 2223 In

314 2276 325 2296 ι
337 2242 487 2302 Probantur
498 2250 608 2302 minime
615 2261 738 2313 terrente,
749 2263 817 2302 eto·
864 2249 939 2304 MSS.
967 2252 1033 2320 Reg.
1052 2263 1078 2302 et
1099 2249 1215 2302 editione
1237 2250 1377 2320 principe,

351 2335 376 2391 l.
395 2329 424 2380 ln
436 2329 570 2399 Zephyrio.
587 2321 688 2383 Ciliciae
703 2329 821 2401 oppido,
858 2331 965 2398 serenda
978 2323 1073 2394 aalide,
1087 2327 1161 2399 quod
1170 2346 1220 2382 nee
1235 2331 1303 2383 male
1314 2343 1375 2396 est;

310 2406 383 2466 haud
406 2409 503 2477 procul
523 2409 630 2478 Coryco
652 2422 757 2473 monte,
775 2409 821 2462 ubi
865 2408 949 2464 calida
967 2410 1038 2462 enirn
1053 2408 1134 2462 debet
1151 2426 1217 2474 esse,
1241 2422 1271 2462 nt
1285 2411 1375 2464 lovca-

311 2485 516 2540 laudatiseimam
537 2488 650 2558 reperiri
673 2487 821 2558 molybdte·
866 2502 910 2542 tur
922 2501 1024 2542 venter.
1037 2489 1122 2541 Bnor.
1160 2485 1164 2498 ⁸

311 2586 387 2633 nam,
405 2566 451 2619 sed
468 2568 583 2620 fossilem
603 2566 684 2621 tradit
697 2570 819 2622 Dioscor.
903 2570 975 2621 LIV.
988 2586 1012 2621 r.
1028 2569 1221 2640 Psimmytlrlnm.
1238 2570 1377 2639 Ψιμμύθιον

312 2648 362 2701 loc.
374 2647 422 2699 cit.
436 2646 527 2700 Heni).
865 2648 993 2711 Diosc.V,
1008 2647 1071 2701 103.
1082 2649 1116 2700 H.
1128 2678 1168 2691 -
1182 2648 1316 2700 Ceratum.
1330 2648 1378 2701 Est

354 2726 380 2781 5.
407 2726 555 2779 Prodentur.
581 2726 706 2779 Totidem
732 2728 821 2781 verbis
864 2728 968 2799 plumbi
991 2721 1166 2788 (tonsuram
1183 2727 1214 2779 de
1232 2724 1331 2796 plomb)
1349 2740 1376 2779 et

312 2807 369 2859 boc
383 2804 556 2858 Dioscorides
568 2805 618 2858 loe.
636 2806 680 2859 eit
700 2818 728 2859 et
740 2806 819 2860 Orib.
865 2807 987 2860 carbonis
1009 2803 1068 2877 (gna
1086 2803 1238 2879 carbonique)
1259 2808 1376 2859 mixtura
1398 2844 1400 2849 -

312 2886 391 2948 XIll,
403 2903 431 2953 p.
449 2885 513 2938 ²31.
529 2885 621 2937 Hsnn.
864 2882 1003 2948 (cordonare
1023 2886 1053 2937 de
1069 2876 1178 2957 plomb),
1197 2904 1256 2957 quae
1276 2887 1376 2940 nostris

353 2969 379 3017 6.
401 2964 464 3017 Usus
483 2969 508 3016 r‘n
526 2966 625 3035 liparas.
640 2964 699 3018 Hoc
718 2980 772 3030 est,
792 2966 820 3018 in
864 2966 972 3023 dicitur.
989 2971 1082 3030 ee'ruse,
1094 2964 1165 3017 blane
1177 2965 1207 3016 de
1217 2965 1308 3036 plomb.
1320 2966 1374 3017 En.

312 3044 453 3115 emplastra
471 3044 556 3106 luia,
581 3062 641 3116 quae
659 3045 755 3116 liparas
773 3064 818 3098 vo·
908 3066 932 3099 a,
947 3046 1153 3098 hraelatlsrlrnum
1168 3046 1297 3097 inllltodo.
1311 3045 1378 3097 Dio-

312 3136 379 3175 mnt.
394 3124 482 3175 Diose.
503 3124 554 3177 loc.
577 3124 623 3178 rit.
643 3125 767 3195 Μίγνυται
790 3121 820 3177 dl
865 3144 932 3179 seor.
948 3126 999 3178 loc.
1018 3125 1065 3179 (it.
1082 3124 1204 3184 Κάλλιςον
1224 3121 1254 3177 dl
1269 3126 1375 3194 ἡγητέον

311 3199 506 3273 intentansque
526 3204 588 3259 alan
607 3205 649 3257 καὶ
671 3209 726 3266 ταῖς
745 3213 821 3257 tina·
864 3206 892 3257 rb
908 3208 931 3257 lv
948 3197 1017 3275 ῥόδῳ
1030 3204 1174 3261 caerealis,
1188 3204 1204 3261 a
1218 3208 1241 3257 ts
1256 3204 1376 3274 Κορίνθῳ,

312 3286 364 3350 pei<
400 3283 443 3335 καὶ
476 3278 646 3344 &taediarent
672 3285 821 3354 lptrltticparq
864 3285 922 3341 lto
942 3281 1122 3355 Λακεδαίμονι·
1140 3279 1277 3355 dturtpu'rrr
1295 3280 1326 3336 di
1345 3286 1374 3337 rb
1441 3335 1446 3343 ,

310 3363 445 3433 χρησίμως.
457 3361 524 3414 Sunt
539 3363 586 3434 qui
596 3364 686 3434 legant
700 3361 820 3421 dttmdrl-
864 3366 892 3416 la
907 3366 1081 3434 Δικαιαρχίας,
1091 3366 1204 3435 proxima
1222 3383 1276 3435 qrtoe
1285 3363 1375 3415 Puteo·

312 3460 394 3503 κτοις,
407 3442 541 3511 emplastris
559 3463 613 3512 qnoe
630 3463 677 3495 non
691 3445 821 3497 mordent:
865 3445 903 3496 lls.
917 3442 1022 3496 Nostris
1032 3442 1197 3512 temporibus
1208 3442 1235 3494 in
1248 3442 1376 3495 omnibns

312 3532 392 3591 atque
402 3520 437 3572 ita
447 3540 509 3573 sane
519 3560 526 3586 ,
538 3522 616 3573 Orib‘.
630 3522 681 3573 loc.
697 3524 742 3575 cit.
760 3524 821 3576 Cel·
863 3522 977 3593 Europae
992 3523 1147 3593 regionibus
1161 3522 1310 3575 conficitur.
1326 3522 1362 3574 Η.

310 3617 355 3651 sus
373 3602 547 3670 quoque,V,
569 3602 656 3669 19,in
679 3602 821 3673 emplastra
905 3602 931 3655 3.
954 3602 998 3653 Fn
1024 3614 1101 3654 autern
1133 3606 1245 3654 ramentis
1270 3602 1373 3671 plumbi.

310 3679 392 3742 lenia,
408 3696 454 3731 seu
467 3680 576 3751 liparas,
584 3680 681 3751 plumbi
694 3700 821 3733 recremen-
863 3682 982 3733 Bmctens
999 3700 1014 3733 e
1031 3682 1143 3753 plumbo
1157 3692 1273 3733 ramenta
1286 3694 1372 3734 vocat.

311 3770 358 3810 tam
367 3757 503 3824 adsciscit,
522 3779 601 3830 quem
617 3762 723 3828 σκωρὶαν
745 3763 819 3829 pold-
863 3759 950 3813 Dioso.
969 3762 1017 3814 loc.
1038 3759 1082 3814 cit.
1101 3756 1242 3831 poltssdltnr
1262 3762 1373 3821 articles,

309 3835 372 3891 &dou
384 3839 470 3892 Graeci
486 3852 590 3892 vocant.
601 3839 692 3890 Hinn.
863 3858 964 3891 massam
980 3840 1125 3910 plumbeam.
1141 3839 1264 3908 Agricola
1277 3839 1298 3891 F
1299 3840 1372 3893 ostil.

349 3936 377 3983 7.
391 3919 467 3969 Illita.
479 3919 568 3971 Dione.
579 3930 605 3970 et
614 3916 690 3970 Orib.
700 3916 729 3970 ll.
738 3920 818 3973 coll.
862 3920 919 3985 lx,
932 3938 960 3989 p.
976 3920 1043 3989 357,
1059 3918 1199 3990 plumbum
1213 3917 1373 3983 dilatatum,

349 3999 376 4049 8.
392 3998 429 4047 Ει
448 4010 587 4061 tenesmum,
600 3999 709 4062 fovendo
726 4000 820 4053 calida.
862 3999 900 4052 sio
919 4012 951 4051 ut
966 4000 1090 4069 quelibet
1109 3999 1215 4052 bractea
1232 3996 1324 4068 pondo
1336 3998 1371 4051 sit

310 4073 352 4125 Sic
366 4088 394 4127 ut
406 4077 519 4145 clystere
534 4076 663 4129 metallica
682 4096 712 4130 ea
727 4079 819 4132 inlun-
862 4079 940 4131 unius
959 4079 1042 4131 librae.
1063 4078 1165 4131 Caetero
1184 4078 1240 4130 baec
1261 4076 1372 4135 totidem

232 4158 238 4179 ⁸
306 4150 412 4218 dantur,
428 4154 561 4209 abdomen
582 4174 647 4208 vero
665 4176 710 4211 seu
726 4172 819 4213 venter
862 4158 950 4211 verbis
959 4158 1046 4211 Diosc.
1061 4159 1113 4211 loct
1124 4157 1169 4209 cit.
1182 4155 1271 4207 llann.
