3100 5125
387 584 454 667 nt
653 586 691 653 c.
719 542 888 655 r‘ntuu
913 586 1020 655 uir.
1046 585 1173 668 utsr.

265 808 270 815 Ι
383 718 554 787 victoriam
566 718 765 789 Cimbricam
781 718 947 791 cantharis
962 735 1094 815 potasse
1101 719 1211 789 Liberi
1222 721 1325 813 patris
1341 742 1448 791 esem·

384 822 439 919 plo
459 824 615 909 traditur,
639 823 693 894 ille
709 840 822 897 arator
843 828 982 924 Arpinas
994 813 1035 911 ¹⁵,
1057 840 1091 895 et
1112 824 1323 920 manipularis
1341 827 1446 922 impe-

342 958 349 972 ·
384 944 476 999 rator
488 916 523 997 ¹⁶.

351 1072 362 1102 ι
436 1038 526 1106 LIV.
534 1024 629 1127 (xit.)
637 1037 774 1130 Argenti
782 1063 878 1109 usum
888 1041 922 1109 in
932 1053 1056 1111 statuas
1064 1038 1210 1134 primum
1218 1036 1447 1132 divi¹Augusti

381 1142 416 1210 in
432 1140 638 1233 adulationc²
650 1157 837 1238 temporum
856 1148 1027 1229 transisse,
1044 1143 1126 1215 falso
1142 1145 1355 1214 existimatur.
1370 1148 1444 1214 lam

380 1250 470 1318 enim
500 1249 670 1342 triumpho
702 1253 819 1345 Magni
857 1254 1004 1347 Pompeii
1041 1253 1222 1345 reperimus
1251 1248 1444 1319 translatam

380 1341 596 1441 Pharnacis³,
620 1358 678 1449 qui
710 1359 838 1450 primus
864 1360 1016 1453 regnavit
1038 1360 1071 1427 in
1103 1360 1226 1443 Ponto,
1254 1370 1445 1450 argenteam

379 1545 410 1580 ac
427 1528 578 1598 peculiare,
593 1540 623 1580 ut
639 1527 736 1583 docent
749 1529 893 1583 Athenaeus
934 1550 993 1602 quu
1006 1530 1091 1600 prima
1106 1530 1221 1583 nominis
1235 1534 1368 1600 Λυκοῦργος
1384 1542 1445 1583 est:

379 1619 408 1661 et
422 1607 583 1663 Macrobius.
594 1608 686 1661 litun.
936 1624 964 1663 ut
976 1610 1140 1680 significetur
1149 1611 1296 1680 Augustum
1310 1609 1388 1661 tuisse
1394 1611 1448 1681 Ly·

425 1688 470 1741 1⁵.
490 1688 537 1740 tue
553 1701 638 1740 arctor
651 1688 769 1758 Arpinus.
788 1689 893 1743 Tullius
935 1707 1049 1761 carpum
1060 1689 1188 1753 alterum,
1200 1690 1251 1741 hoc
1261 1701 1317 1749 est.
1329 1688 1446 1759 optima-

380 1766 517 1837 muuicipe
544 1768 629 1821 Mario
662 1766 773 1838 gloriari
804 1770 895 1823 solitus
935 1788 995 1822 rum
1016 1769 1104 1839 legum
1127 1770 1155 1820 in
1170 1767 1245 1821 Italia
1263 1766 1446 1835 conditorem,

304 1910 309 1917 ι
380 1860 428 1899 est.
442 1845 533 1901 uren.
936 1863 966 1902 ut
989 1849 1040 1901 tuit
1055 1848 1118 1901 olim
1135 1845 1326 1903 Lacedomone
1342 1847 1447 1916 Lycur-

425 1929 470 1980 16.
492 1926 653 1997 Muntpulcris
674 1930 811 1996 imperator.
832 1928 894 1981 Ele·
934 1948 998 2000 pus:
1014 1928 1099 1983 culeo
1113 1925 1323 1997 nomine,quod
1334 1928 1448 1999 popula-

381 2016 439 2059 etus
450 2004 484 2057 de
497 2007 643 2077 manipulo.
659 2007 749 2059 Haan.
882 2036 885 2043 ·
934 2027 976 2061 res
1005 2026 1067 2061 suos
1086 2006 1119 2060 ad
1137 2018 1242 2061 rectum
1259 2008 1320 2061 ritas
1342 2006 1444 2061 cultum

421 2085 495 2141 LIV.
513 2103 538 2139 t.
552 2088 661 2155 Argenti
673 2104 741 2139 usum
756 2089 781 2137 in
799 2098 893 2140 statuas
934 2088 988 2141 suis
1000 2087 1103 2159 legibus
1117 2087 1305 2150 transtulisset,
1318 2099 1379 2155 post
1389 2086 1448 2138 obi·

377 2168 482 2233 primun
496 2165 547 2217 divi
556 2167 679 2235 Augusti,
689 2178 740 2219 etc.
750 2167 894 2238 Tranquil·
935 2180 991 2221 tum
1003 2167 1125 2221 dicavere
1140 2164 1282 2219 delubrum
1296 2165 1445 2235 Spartiatae,

380 2243 423 2296 lua
441 2245 471 2297 iu
489 2247 556 2314 Aug.
574 2263 632 2299 nu:
654 2272 665 2294 ι
677 2246 823 2316 Argenteus
838 2260 891 2299 sta·
935 2259 963 2301 ut
978 2244 1078 2301 Herod.
1093 2245 1140 2299 lib.
1155 2248 1280 2299 Inarrat.
1295 2244 1338 2299 Sic
1350 2244 1379 2297 in
1392 2264 1446 2299 uu·

381 2334 446 2392 tuas,
464 2325 527 2377 olim
556 2325 607 2377 sibi
640 2325 740 2396 positas
761 2325 889 2381 conflavit
933 2323 1249 2397 mistuste,altero,quod
1268 2323 1445 2388 adV11,3r,

381 2421 489 2468 omnes,
509 2422 595 2475 esque
613 2404 645 2457 iis
666 2423 758 2457 aureas
779 2406 892 2461 cortinas
926 2407 1108 2477 protulimus,
1120 2403 1191 2459 idem
1205 2407 1338 2476 Augustas
1352 2404 1444 2457 eadem

379 2483 498 2553 Apollini
512 2483 632 2539 Palatino
645 2482 892 2550 dedicavit-Quae
933 2486 990 2538 fere
1008 2485 1110 2538 nummi
1130 2485 1217 2538 forma
1242 2504 1302 2537 cum
1333 2483 1444 2538 Platone

378 2562 465 2616 sortus
477 2565 706 2619 vultusiustatuis
716 2566 827 2636 Augusti
835 2567 891 2620 lue·
932 2567 1087 2636 confertur,
1119 2566 1154 2619 ob
1182 2565 1347 2638 sapientiam.
1373 2559 1445 2618 Hinc

379 2642 428 2706 rit,
439 2663 495 2696 non
514 2644 615 2716 liquet:
629 2644 786 2698 nullaenim
799 2664 892 2717 super-
933 2647 1057 2700 ΚΔῙΣᾸΡ
1071 2649 1240 2700 ΣΕΒΔΣΤΟΣ
1254 2665 1261 2698 t
1276 2642 1339 2698 idda
1358 2645 1445 2700 [le-

379 2735 427 2776 est.
446 2725 482 2776 At
500 2723 528 2776 in
551 2724 668 2778 nummis
685 2726 802 2796 antiquis
817 2744 891 2796 prece
932 2731 1015 2782 ΤΩΝ.
1030 2728 1062 2780 ln
1074 2725 1124 2780 isto
1136 2726 1303 2797 exprimitur,
1316 2723 1390 2795 quod
1400 2723 1443 2778 di·

379 2802 503 2856 omnibus
513 2804 596 2856 valuit
604 2803 731 2867 adulatio,
745 2823 804 2876 quae
813 2803 892 2858 deco·
931 2818 1003 2860 ctutu
1015 2806 1041 2860 ei
1052 2807 1086 2858 ab
1097 2805 1209 2860 Horatio
1218 2817 1271 2870 est,
1280 2803 1326 2856 lib.
1336 2805 1377 2868 11,
1389 2805 1443 2874 Ep.

378 2899 440 2934 rum
463 2900 540 2948 eum,
565 2883 736 2954 ejusdemque
760 2884 890 2940 imberbis
936 2905 961 2948 1,
977 2905 1004 2938 v.-
1020 2904 1053 2938 s:
1078 2886 1194 2949 ·Quum
1214 2897 1254 2938 tos
1272 2883 1399 2938 sustineas
1415 2895 1445 2936 et

380 2960 472 3015 forme
491 2981 554 3016 eum
572 2981 603 3015 ac
615 2964 739 3032 juvenilis
753 2964 889 3029 exhibuit,
934 2978 1003 3018 tanta
1022 2965 1128 3036 negotia
1144 2965 1228 3028 solus,
1245 2965 1296 3018 llee
1311 2962 1445 3016 ltalssar·

378 3059 463 3111 quum
482 3055 548 3094 esset
565 3060 696 3094 annorum
709 3044 890 3114 septuaginta,
932 3045 982 3100 mis
1002 3044 1106 3109 tuteris,
1120 3045 1240 3098 moribus
1258 3059 1353 3110 cruca,
1364 3041 1445 3113 Legi·

377 3138 430 3191 qua
444 3121 496 3174 l'uit
507 3121 549 3176 six
559 3122 694 3175 vicenario
708 3125 801 3194 major.
814 3123 891 3177 Unus
931 3125 981 3178 bus
994 3121 1135 3188 emendes,
1148 3137 1197 3177 etc.
1211 3149 1222 3170 ι
1239 3122 1438 3176 Priortautum

378 3214 498 3270 superest
510 3213 612 3254 tautum
630 3221 662 3254 ex
677 3221 729 3255 aere
745 3200 887 3269 mediocri,
931 3203 1018 3257 littera
1030 3223 1114 3275 greca
1131 3202 1245 3256 nominis
1261 3201 1375 3274 Lycurgi
1394 3219 1445 3272 ap·

377 3281 452 3350 cujus
466 3280 665 3353 contemplandi
686 3293 713 3334 et
732 3281 891 3353 explorandi
930 3283 1059 3355 ponitur:
1073 3281 1325 3338 indicentemlertet
1338 3282 1444 3334 nummi

376 3359 455 3413 uobis
471 3361 575 3430 copiam
596 3362 659 3414 fecit
679 3360 800 3416 eruditus
824 3362 892 3416 Ger-
931 3363 1044 3433 opifice,
1067 3363 1129 3416 satis
1149 3379 1218 3428 esse,
1237 3361 1259 3413 si
1279 3361 1314 3416 ab
1331 3357 1445 3414 eruditis

377 3457 489 3493 manus:
502 3439 598 3494 tradita
614 3443 692 3494 etiam
704 3441 775 3494 ultro
785 3443 889 3512 gemina
930 3455 1115 3514 &nosceretur
1135 3442 1273 3512 Lycurgus
1295 3459 1327 3494 es
1355 3440 1444 3509 prima

375 3519 479 3571 nummi
496 3520 593 3591 effigie.
613 3522 728 3591 Augusti
746 3522 831 3576 vultui
850 3536 890 3577 sat
931 3522 1046 3576 nominis
1071 3521 1173 3585 littera,
1202 3523 1306 3592 integro
1331 3521 1444 3574 nomine

375 3599 445 3652 mala
460 3600 546 3652 forma
567 3612 594 3652 et
611 3600 755 3660 rusticana,
770 3600 889 3672 adjectus
931 3621 984 3655 non
996 3619 1134 3672 expresso,
1152 3601 1188 3654 ob
1201 3599 1320 3654 odiosam
1336 3602 1392 3668 ejus
1405 3599 1441 3652 si·

376 3690 414 3731 est
434 3679 529 3744 lituus,
550 3679 702 3750 symbolum
720 3694 887 3750 auguratus:
932 3681 1138 3753 gnificationem.
1154 3681 1201 3732 Est
1212 3681 1282 3732 enim
1293 3685 1444 3750 Λυκοῦργος,

375 3776 436 3812 cum
458 3759 604 3831 epigraphe
621 3757 702 3812 latina
724 3777 835 3814 causa.
855 3763 886 3814 Iu
933 3779 982 3831 pro
992 3762 1120 3831 λυκόοργος
1134 3779 1141 3812 =
1156 3757 1229 3830 quod
1245 3757 1316 3812 idetu
1331 3759 1443 3814 taletas

374 3839 476 3908 postica
496 3851 570 3910 parte
590 3839 679 3890 tultus
697 3851 737 3892 est
753 3841 842 3893 senilis
860 3852 886 3894 et
932 3841 983 3911 lapi
992 3845 1045 3904 ira,
1056 3841 1096 3892 tel
1110 3841 1179 3909 lupus
1191 3842 1275 3891 iratus.
1290 3839 1381 3892 Hane.

375 3920 477 3986 gravis,
492 3919 572 3971 barba
587 3917 673 3988 crispa
683 3918 810 3989 scapum,
820 3938 886 3992 qua·
973 3940 999 3972 a.
1015 3921 1045 3971 In
1056 3919 1203 3974 adulatione.
1218 3918 1339 3974 Gronov.
1358 3929 1385 3970 et
1397 3917 1442 3969 ΑΙ.

373 3996 407 4050 lis
419 3999 448 4050 in
462 3998 580 4050 nummis
591 3995 885 4060 Lacedaemoniorum
930 3998 1085 4054 ante'Hard
1102 4023 1113 4044 ι
1122 3997 1156 4052 ad
1165 3998 1296 4052 bonorem
1314 3995 1370 4051 div.
1386 3998 1442 4049 Au·

374 4076 445 4130 Gaza
466 4078 537 4148 regia
558 4077 678 4148 pingitur
695 4097 755 4130 cum
776 4079 885 4132 nomine
930 4094 1001 4150 pust.
1017 4079 1044 4132 iu
1061 4078 1239 4134 adulationem
1252 4077 1421 4148 temp-Eu.

273 4221 280 4229 .
373 4163 575 4211 ntttortros.
596 4156 650 4210 sed
669 4158 713 4210 hic
736 4159 823 4228 capite
847 4171 886 4212 est
971 4160 996 4213 3.
1010 4159 1159 4222 Pharnacis,
1176 4160 1319 4230 puiprimus
1332 4159 1444 4226 tegnam

371 4235 508 4293 laureato:
535 4237 603 4292 iufra
630 4236 716 4292 littera
739 4255 827 4308 graeco
846 4248 885 4303 Δ,
930 4243 954 4292 in
969 4241 1061 4306 Ponto,
1079 4252 1129 4294 etc.
1149 4239 1213 4308 Ejus
1233 4238 1281 4308 qui
1302 4233 1443 4290 Mithrida·
