3100 5125
364 534 409 621 ad
632 530 671 601 C.
698 532 869 603 PLINII
894 531 1002 601 nst.
1028 532 1154 599 HIST.

362 668 495 753 derant,
513 666 578 733 boc
596 688 685 733 nunc
707 665 855 758 pecunire
873 661 1000 756 judices
1018 661 1177 731 tribuunt
1199 661 1270 731 Nec
1291 662 1420 755 pridem

362 772 397 841 id
408 756 550 841 sactum⁸
563 796 570 837 :
585 769 663 838 divo
679 772 829 864 Augusto
847 768 996 839 decurias
1012 765 1217 851 ordinante⁹‚
1225 767 1331 860 major
1343 791 1422 861 pars

360 877 509 971 judicum
532 876 567 945 in
589 875 696 945 ferreo
721 874 821 945 anulo
855 876 944 943 fuit:
972 874 1059 967 iique
1087 898 1154 942 non
1185 874 1330 966 equites,
1362 872 1421 941 sed

316 994 329 1011 ⁶
359 983 486 1077 judices
508 978 753 1051 vocabantur¹⁰.
768 983 923 1075 Equitum
944 1003 1067 1047 nomen
1087 978 1282 1047 subsistebat
1298 980 1333 1046 in
1349 992 1421 1047 tur·

330 1120 345 1153 a
364 1091 425 1157 mis
443 1112 603 1182 equorum
619 1085 839 1181 publicorum.
858 1085 1011 1155 Judicurn
1029 1108 1160 1177 quoque
1182 1110 1248 1153 non
1270 1086 1331 1152 nisi
1346 1108 1423 1177 qua·

364 1208 441 1263 tuor
457 1191 628 1263 decurire¹¹
649 1192 739 1261 fuere
762 1194 889 1287 primo:
909 1193 1027 1284 vixque
1043 1188 1171 1284 singula
1192 1188 1293 1259 millia
1311 1191 1345 1257 in
1363 1189 1420 1258 de·

363 1302 460 1369 curiis
482 1300 614 1367 inventa
638 1313 731 1383 sunt,
761 1298 908 1365 nonduin
939 1297 1116 1389 provinciis
1147 1294 1189 1363 ad
1215 1296 1279 1365 boc
1300 1320 1423 1363 munus

362 1404 530 1475 admissis:
548 1419 779 1497 servatumque
797 1406 830 1472 in
845 1402 1042 1471 hodiernum
1060 1416 1128 1488 est,
1146 1425 1189 1469 ne
1204 1402 1279 1493 quis
1294 1403 1423 1471 enoris

402 1630 486 1683 &Nec
495 1628 589 1700 pridem
601 1629 732 1694 idsaerum.
744 1628 870 1681 Utaureo
913 1626 1045 1697 judicibus
1069 1626 1231 1697 epigramma
1256 1626 1421 1691 describere,

363 1708 463 1763 scilicet
476 1710 556 1761 anulo
567 1721 686 1779 equester
705 1707 771 1759 ordo
786 1726 871 1759 secer·
913 1719 940 1759 et
959 1720 1102 1777 utrumque
1124 1718 1249 1769 acutum,
1270 1725 1300 1758 ex
1322 1706 1421 1758 librol

362 1801 495 1841 neretura
511 1788 596 1857 piebe.
609 1787 698 1839 Hsnn.
914 1786 1079 1855 Antbologire
1094 1786 1210 1847 Graece,
1226 1786 1265 1839 tir.
1284 1784 1330 1850 43.
1346 1785 1424 1838 Prius

404 1887 431 1935 9.
453 1867 518 1919 Divo
538 1869 652 1936 Augusto
677 1866 786 1918 decurias
807 1865 871 1919 ordi·
914 1878 951 1917 est
962 1863 1089 1928 Pallada,
1103 1865 1144 1917 bis
1155 1864 1241 1917 verbis
1256 1887 1262 1915 :
1275 1860 1364 1925 Oidsic
1378 1866 1420 1917 ssi

364 1958 442 1997 nante.
471 1948 601 2015 Augustus
623 1945 657 1998 ad
678 1958 729 1997 tres
748 1941 870 2015 judicum
913 1947 1015 2013 καθαρὸς
1039 1944 1206 2013 scripsitque
1226 1945 1308 2001 ἤλυθεν
1331 1945 1422 2013 ἅρχων.

364 2024 482 2078 decurias
496 2038 615 2095 quartana
628 2023 731 2077 addidit
752 2043 782 2075 ex
802 2024 870 2077 inse·
915 2010 947 2075 iis
961 2022 1006 2093 γὰρ
1021 2024 1072 2083 ἰνὸς
1085 2018 1165 2075 dsur'n
1179 2021 1305 2095 δόγματος
1316 2025 1421 2076 dvrirrs·

362 2104 433 2157 riore
459 2122 552 2168 censu,
580 2122 639 2174 qun
663 2102 869 2157 ducenariorum
911 2109 961 2153 λον.
973 2107 1006 2155 Τὸ
1019 2104 1104 2171 γλυκὺ,
1119 2107 1161 2154 τοῦ
1177 2108 1331 2163 κλέπτοντας·
1346 2102 1420 2174 brep-

362 2196 512 2247 vocsretur,
529 2180 713 2253 judicaretque
734 2180 769 2235 de
791 2182 870 2235 lerio-
913 2182 998 2251 pss'tcu
1008 2178 1047 2245 di,
1063 2184 1091 2233 ri
1104 2166 1296 2252 ‹indubpqors
1312 2188 1354 2242 nis
1365 2184 1422 2254 rips-

363 2261 868 2333 ribussummis.Suetoniusinbugust.
914 2265 958 2322 τῆς
983 2266 1065 2313 ταῦτα
1089 2257 1179 2320 δύ’ίςί
1201 2263 1275 2317 πάθη.
1299 2262 1421 2314 Alterum

364 2357 422 2408 cap.
438 2358 521 2393 xxxsr.
535 2341 604 2395 Dss..
623 2373 662 2383 —
677 2343 793 2393 Decurias
805 2341 871 2391 ordi-
913 2338 1032 2409 ejusdem
1047 2338 1119 2392 istud
1131 2352 1170 2392 est
1184 2361 1190 2390 ε
1206 2341 1311 2396 Mrirrsrs
1322 2336 1422 2395 δουλώ-

362 2417 784 2483 rrarrte.Judicumrideiicet,non
795 2420 871 2489 equi-
913 2439 982 2470 usos
1004 2421 1079 2487 γυνὴ,
1098 2416 1221 2471 δέσποινα
1235 2410 1418 2491 γίνοιτο,ὶστι

362 2509 419 2551 tum
430 2537 439 2561 ,
450 2498 574 2552 utrisurn
589 2510 627 2550 est
641 2498 805 2551 nonnemini.
822 2498 870 2549 Ju-
912 2498 1083 2568 παροιμιακόν·
1108 2505 1143 2568 τῷ
1165 2495 1192 2549 d‘
1208 2500 1242 2558 [θ’
1260 2501 1339 2570 ὅμοιον
1362 2502 1419 2572 ips'r.

363 2577 452 2632 dicum
468 2595 531 2631 vero
546 2577 660 2630 decuriae
677 2583 765 2648 plures
779 2578 867 2638 fuere,
913 2569 986 2634 Mrirs
1006 2573 1077 2634 disne
1097 2572 1221 2630 torono
1242 2579 1300 2648 ἀνὴρ
1317 2584 1420 2650 γεγονὸς

362 2657 516 2727 eademque
531 2657 609 2709 variis
620 2655 738 2710 discretas
751 2657 867 2708 nomini·
912 2652 1069 2719 durots'srns,
1079 2651 1150 2712 unt·
1160 2657 1189 2710 dr
1197 2648 1340 2726 irrepserint
1351 2661 1424 2729 para·

362 2737 428 2801 bus,
445 2748 474 2787 ut
494 2753 555 2787 mox
576 2733 687 2787 dicetur.
706 2735 820 2787 Decuria
841 2736 868 2786 in
912 2735 1039 2805 pssdrspse
1063 2731 1089 2803 d.
1113 2739 1167 2796 ne<
1188 2737 1234 2808 γὰρ
1251 2739 1264 2790 d
1284 2743 1421 2808 μισθαρνεῖν

361 2816 417 2870 boc
424 2811 552 2885 loquendi
561 2831 656 2884 genere
668 2831 723 2866 aon
735 2826 772 2864 est
781 2809 869 2874 dissic.
913 2815 1054 2885 εἰθισμένος,
1068 2807 1121 2867 sbd'
1135 2817 1159 2867 br
1172 2818 1261 2886 iscipu
1275 2819 1420 2888 Σιμνότιρον

361 2895 431 2948 Naar
450 2892 558 2962 singula
575 2889 689 2946 decuria
701 2891 803 2962 singula
816 2893 868 2944 rni-
913 2890 1025 2954 δικάσαι,
1032 2893 1307 2966 μὴρυπαρῦςδὺνιται.
1315 2897 1422 2952 Utrum·

360 2975 463 3027 nimum
475 2971 556 3023 miliia
565 2971 750 3036 continebant,
761 2971 820 3042 ipso
831 2985 869 3025 te·
912 2991 965 3044 que
977 2973 1014 3027 sie
1027 2975 1137 3027 Grotius
1156 2974 1275 3028 reddidit
1288 2977 1349 3029 satis
1365 2977 1423 3031 feti-

361 3067 401 3107 ste
412 3050 509 3104 Plinio.
521 3050 611 3104 Hsan.
912 3053 978 3106 citer
993 3070 1000 3105 s
1021 3054 1095 3124 prius
1114 3054 1222 3124 quidem
1236 3076 1243 3106 z
1264 3082 1276 3104 ι
1289 3061 1374 3110 Nemo
1388 3059 1424 3112 si-

406 3150 448 3184 ro.
465 3129 516 3182 Sed
532 3131 625 3199 judices
646 3129 805 3184 uocabantur.
828 3129 868 3183 Ex
912 3132 967 3184 mul
1000 3132 1083 3187 facilis
1109 3135 1240 3205 populum
1264 3149 1422 3208 unctusque

361 3210 474 3280 equestri
487 3222 575 3262 temen
591 3207 687 3262 ordine
701 3228 792 3263 omnes
805 3210 869 3263 slie-
912 3212 1041 3281 gubernat
1056 3235 1063 3265 ε
1078 3213 1170 3280 Altera⁸
1181 3227 1275 3266 natura
1296 3234 1337 3268 res
1351 3216 1420 3286 perit

361 3289 406 3342 cti.
421 3287 511 3341 Hsnn.
911 3291 1025 3345 atterius.
1040 3292 1093 3358 Qui
1115 3293 1238 3362 capiunt,
1252 3294 1341 3347 faciles
1357 3315 1363 3346 :
1379 3313 1424 3348 re·

405 3385 450 3422 ss.
461 3367 573 3420 lodicum
588 3387 678 3440 quoque
694 3387 740 3420 nora
753 3370 800 3419 nisi
810 3388 869 3440 qua·
910 3384 997 3423 nunnt
1016 3372 1063 3441 qui
1086 3369 1172 3436 dona,
1194 3373 1304 3442 superbi
1321 3392 1329 3426 ε
1357 3375 1420 3430 Hac

362 3447 528 3500 ruordecurioe
540 3451 619 3517 primo
628 3449 708 3516 suere.
725 3448 869 3517 Esinqulis
911 3447 966 3500 duo
984 3468 1045 3503 nrm
1067 3451 1152 3502 virtus
1171 3470 1219 3520 per
1232 3452 1299 3504 mais
1315 3472 1422 3523 semper

361 3543 472 3598 queque
485 3527 602 3578 millibus
615 3526 750 3591 conflate,
765 3539 796 3578 ut
807 3546 867 3582 mox
910 3527 970 3597 agit.
980 3555 991 3576 ι
1011 3529 1145 3582 Posterius
1164 3543 1251 3582 sutem
1271 3532 1309 3585 sic
1324 3549 1333 3584 ε
1352 3557 1363 3580 0
1379 3534 1420 3587 Ne

360 3601 472 3658 dicetur.
490 3605 529 3658 Ex
545 3606 586 3658 bis
602 3599 720 3677 quartani
734 3609 868 3676 Augustus
911 3625 970 3675 quar
981 3626 1054 3662 serva
1065 3609 1129 3672 fuir,
1141 3609 1185 3662 fiat
1199 3622 1336 3678 matrona,
1346 3630 1424 3665 care·

359 3684 489 3748 instituit,
510 3703 592 3755 quum
615 3699 700 3738 essent
720 3699 793 3738 antea
814 3698 867 3740 tres
911 3697 939 3738 to
959 3704 967 3741 τ
988 3687 1046 3741 Hoc
1066 3702 1140 3740 retus
1157 3700 1196 3740 est
1212 3687 1332 3752 dictum
1347 3711 1420 3746 nunc

359 3776 477 3824 tanturn,
495 3782 573 3834 quarn
590 3762 798 3816 ducenariorum
820 3754 866 3818 ro·
910 3782 959 3835 ego
975 3763 1035 3818 dico
1047 3786 1156 3819 norum.
1170 3767 1223 3831 Qui
1238 3787 1327 3822 causas
1339 3769 1420 3836 dixit,

358 3845 440 3908 cavit,
453 3863 484 3895 ex
499 3844 623 3896 inferiore
638 3863 718 3896 censu
731 3846 866 3910 ailectanr,
910 3861 1000 3897 causas
1019 3864 1053 3898 ne
1072 3846 1174 3916 judicet
1198 3834 1340 3919 uinquam
1357 3850 1420 3900 ΕΙο-

358 3941 416 3993 quse
433 3921 562 3994 judicaret
581 3920 614 3975 de
629 3923 772 3976 levioribus
793 3943 865 3976 sunr-
908 3925 972 3995 quio
995 3925 1115 3995 quamvis
1136 3926 1170 3978 sit
1195 3928 1271 3998 prior
1296 3929 1420 3982 Isocrate.

358 4002 422 4066 mis,
437 4016 466 4058 ut
480 4001 587 4073 quidem
605 4001 694 4074 prodit
707 4004 733 4055 in
746 4003 864 4068 eiusrira
908 4003 976 4055 Nam
997 4005 1091 4056 solitus
1109 4024 1199 4058 musas
1227 4007 1312 4058 rentii
1331 4005 1421 4062 dicere

356 4078 542 4151 Tranquillus,
557 4100 615 4152 cap.
630 4101 714 4136 xxsrr.
729 4083 780 4134 Hic
792 4083 864 4134 reiut
909 4082 1015 4154 lingua,
1033 4084 1095 4136 Non
1113 4097 1139 4136 et
1153 4083 1287 4155 judicium
1302 4083 1421 4140 rendere

357 4153 415 4211 stou
431 4163 548 4233 rrripspprr
568 4162 607 4214 fas
626 4161 661 4214 sit
675 4162 810 4232 geminum
830 4159 864 4214 de
908 4179 964 4214 non
978 4163 1086 4232 poterit.
1101 4189 1112 4210 ι
1129 4163 1221 4216 lisso.
