3100 5125
320 505 392 593 ‚ss
587 513 628 581 c.
653 511 820 582 runnu
845 481 950 580 nnn.
974 509 1103 580 nrsr.

320 639 401 710 driae
416 653 450 711 et
463 642 614 737 Pergami
629 667 744 738 reges,
759 644 816 738 qui
831 641 1047 712 bibliothecas
1061 665 1182 735 magno
1199 643 1381 710 certamine

288 767 305 820 7
322 746 508 830 instituere,
520 772 588 816 non
599 747 692 818 facile
700 749 838 819 dixerim
848 734 886 817 ³³.
900 749 1086 842 Imagiuum
1098 771 1212 815 amore
1222 747 1383 841 flagrasse

322 838 516 945 quondam³⁴
530 867 628 923 testes
644 869 721 924 sunt
734 869 768 924 et
781 855 908 924 Atticus
922 853 975 923 ille
984 852 1164 937 Ciceronis,
1173 852 1261 920 cdito
1274 852 1316 921 de
1328 853 1379 920 lris

323 956 492 1028 volumine
502 943 540 1045 ³⁵,
557 973 592 1028 ct
607 961 742 1030 Marcus
760 962 871 1029 Varro
889 959 1121 1054 benignissimo
1137 943 1316 1043 invent0³⁶,
1330 959 1380 1025 in·

323 1065 417 1132 sertis
432 1062 637 1133 voluminum
654 1090 790 1135 suorum
805 1064 1013 1147 fecunditati,
1029 1089 1097 1133 non
1110 1063 1299 1132 nominibus
1312 1077 1382 1131 tan-

310 1153 394 1236 ¹turn
412 1170 693 1264 septingentorum
711 1168 907 1256 illustrium,
926 1169 982 1239 sed
1001 1182 1035 1238 ct
1051 1168 1160 1262 aliquo
1181 1169 1279 1238 modo
1298 1170 1380 1236 imn-

323 1273 453 1368 ginibus
469 1300 477 1343 :
496 1301 564 1345 non
586 1300 701 1370 possus
727 1275 922 1346 intercidere
943 1274 1080 1370 figuras,
1101 1287 1160 1343 sut
1182 1281 1379 1342 vetustatem

323 1379 384 1446 sevi
401 1394 519 1448 contra
539 1382 689 1451 homines
706 1380 831 1470 valere,
852 1383 1006 1450 inventor
1027 1381 1173 1449 muneris
1195 1381 1292 1448 etiam
1318 1379 1381 1446 diis

323 1483 474 1556 invidiosi
482 1471 520 1575 ³⁷,
549 1487 683 1582 quondo
710 1471 1020 1560 immortalitatem³⁸
1043 1509 1112 1554 non
1142 1483 1248 1554 solum
1275 1484 1383 1570 dedit,-

323 1686 537 1759 pecuuissnvidis
547 1689 617 1743 lslsis
627 1702 766 1743 suctoruos
782 1707 832 1742 no·
875 1685 1036 1758 iussginibus
1047 1692 1108 1757 quss'
1117 1685 1230 1738 solerem
1243 1685 1270 1736 in
1284 1685 1384 1738 brutios

324 1765 442 1820 minibus
455 1768 537 1820 libros
547 1769 689 1839 inscriptos
699 1787 769 1834 esse,
778 1787 832 1840 quo
875 1767 958 1821 thecis
978 1766 1110 1820 collocari.
1125 1764 1260 1818 volumen
1281 1763 1351 1816 illud
1368 1783 1385 1817 s

324 1847 461 1900 vetustatis
475 1847 620 1917 plurimum
634 1849 666 1902 iis
678 1860 706 1901 et
722 1848 834 1900 auctori
875 1847 1005 1900 Cicerone
1017 1845 1160 1914 scripturn,
1173 1843 1215 1896 cui
1233 1861 1330 1896 nomen
1344 1844 1383 1896 fea

324 1925 386 1978 tstis
405 1924 552 1980 accederet.
568 1928 600 1979 ln
614 1927 779 1998 Pergsusensi
792 1927 833 1980 bi·
875 1925 916 1980 cis
933 1925 1046 1989 Atticm,
1062 1923 1166 1994 penitus
1185 1921 1330 1975 intercidit.
1348 1921 1383 1974 Η.

325 2003 832 2066 bliotbecsluissedncentsvolurninum
875 2037 916 2048 -
931 2004 1029 2057 Atticus
1048 2003 1088 2054 itt«
1111 2001 1242 2055 Ciceronis.
1261 2003 1321 2054 Non
1343 2013 1385 2054 est

326 2082 421 2149 millis,
431 2096 526 2137 auctor
536 2096 576 2138 est
588 2084 719 2139 Plutsrcb.
734 2085 761 2137 in
778 2086 835 2136 An·
877 2083 1013 2138 Ciceronis
1031 2079 1168 2153 cujusdem
1187 2080 1250 2133 libri
1273 2081 1384 2144 titulus,

326 2161 409 2215 tonio.
430 2164 462 2216 Iu
483 2163 674 2227 Alexandrins,
697 2182 781 2235 usque
800 2162 834 2217 sd
876 2161 1036 2216 uteruditns
1048 2162 1325 2225 sircomsnentusest,
1337 2155 1385 2212 sed

326 2241 507 2312 septingenta,
522 2243 623 2296 Gellius
637 2243 694 2308 vt,
708 2262 767 2314 usp.
784 2244 833 2296 ult.
877 2241 1041 2313 Pomponius
1050 2240 1106 2310 ipse
1118 2239 1236 2305 Atticus,
1249 2231 1386 2292 Ciceronis

326 2318 377 2372 sub
398 2321 489 2374 finem.
512 2320 690 2392 Conflsgrssit
716 2340 748 2376 es
772 2337 834 2376 cusu
877 2323 982 2386 unicus,
1003 2332 1033 2373 ut
1057 2321 1110 2390 jsnr
1138 2319 1210 2372 Brot.
1238 2315 1312 2372 vidit.
1340 2318 1385 2371 Sic

326 2398 398 2451 bello
414 2398 502 2464 civili,
523 2419 606 2470 quum
620 2401 707 2455 Cssssr
720 2401 748 2453 in
767 2401 834 2456 urbe
877 2401 1015 2471 Agrippina
1033 2398 1145 2461 Claudii,
1167 2396 1300 2450 subintell.
1311 2406 1386 2460 seori

327 2476 383 2548 ipss
395 2477 732 2533 Alexandrisbellurucum
741 2480 836 2534 incolis
877 2497 962 2551 neqsoe
978 2477 1075 2531 Nostro
1091 2477 1128 2530 its
1143 2477 1295 2549 infrequens
1311 2478 1388 2530 locu·

289 2621 292 2627 Ι
326 2559 540 2628 gereretllssn.
879 2558 1004 2631 tio,quss
1015 2556 1114 2612 Grecis
1127 2556 1300 2611 usitstissisns.
1314 2556 1366 2609 tn.

369 2636 415 2691 ³3.
431 2638 489 2691 Non
495 2639 573 2707 sessile
588 2638 696 2693 diursirs.
709 2640 836 2693 Anteces-
920 2637 966 2692 36.
979 2638 1155 2707 Benignissime
1168 2640 1268 2689 inmte.
1288 2637 1387 2691 luven-

327 2714 360 2769 sit
381 2717 477 2770 borum
503 2729 606 2770 sststem
633 2717 784 2771 Aristotelis
806 2736 836 2773 stc
878 2729 935 2771 tuns
947 2715 1014 2769 illud
1025 2734 1087 2771 ssue
1101 2716 1208 2779 fuit,ut
1219 2715 1346 2787 imagines
1358 2717 1401 2768 in¹

327 2794 507 2867 Theopbrssti
529 2814 593 2850 rurs
618 2796 645 2851 iss
673 2796 837 2851 bibliotbeos
879 2796 1051 2851 Vsrronisois
1059 2794 1135 2847 libris
1143 2794 1243 2848 cslsnso
1251 2792 1389 2849 delineata

327 2871 495 2940 sdorusnds,
505 2893 519 2928 s
530 2875 614 2930 Neleo
625 2873 722 2929 deinde
732 2876 848 2930 Coriaei'
879 2875 1041 2930 viderentur.
1053 2874 1136 2927 Bnor.

328 2952 386 3019 filio
397 2967 540 3028 coempto:
557 2973 639 3026 equo
650 2951 738 3025 post'ss
753 2955 837 3009 libros
920 2954 966 3025 37.
986 2955 1123 3007 lunatione
1138 2955 1239 3005 nomos
1252 2955 1323 3005 stiess
1339 2952 1388 3006 diis

329 3050 374 3084 eos
386 3048 516 3088 mercstus
530 3032 687 3088 Ptolomeus
704 3032 837 3089 Pbilsdel·
879 3034 1007 3087 invidiosus
1017 3032 1068 3098 (sic
1078 3021 1175 3103 prius).
1185 3031 1282 3084 Melius
1291 3032 1318 3084 in
1327 3031 1389 3085 eod.

328 3109 408 3183 pbus,
417 3111 606 3167 Alexandriam
618 3114 763 3181 nsnsrutis,
772 3126 836 3167 teste
879 3116 988 3167 ἰπνεηων
1003 3115 1104 3165 munais
1119 3115 1191 3163 etiarn
1206 3110 1253 3163 diis
1269 3110 1390 3165 invidiosi.

329 3190 473 3255 Atheneo,
483 3193 509 3254 1,
523 3211 550 3264 p.
565 3192 591 3244 3.
603 3192 837 3265 Clesrcbiquoque
880 3193 961 3247 Psssr.

329 3270 411 3341 primi
427 3270 560 3325 Herscless
578 3271 693 3327 Pontice
712 3272 836 3342 tyranni,
921 3272 966 3326 38.
978 3270 1192 3325 inmortalitatem.
1202 3268 1323 3339 Augustis
1332 3268 1390 3321 suis

329 3350 389 3421 ejus
402 3349 449 3420 qui
462 3350 579 3403 Plutonis
592 3364 619 3404 et
632 3352 751 3405 lsocrstis
763 3349 839 3403 audi·
880 3350 1045 3422 principibus
1072 3348 1312 3413 immortulitstem,
1337 3348 1391 3401 hoc

330 3438 373 3481 tor
399 3427 450 3481 suit
472 3448 481 3481 s
506 3429 528 3482 is
550 3429 621 3483 enirn
649 3430 837 3484 bibliothecam
880 3442 932 3492 est.
947 3430 1043 3483 fsmsm
1063 3427 1264 3498 sempiternum,
1279 3428 1391 3479 Veteres

329 3506 443 3573 struxit,
455 3526 534 3579 quam
546 3507 637 3562 laudat
650 3510 769 3581 impense
780 3510 838 3561 Me·
880 3521 1014 3580 optsvere.
1036 3507 1081 3561 Sic
1100 3507 1128 3559 irs
1151 3524 1262 3559 nunsruo
1284 3504 1391 3559 Claudii

330 3602 412 3639 sunno
426 3584 497 3658 spud
505 3588 647 3653 Photinus,
658 3588 718 3643 cod.
731 3586 837 3652 ΜΗ.
880 3588 1000 3651 cornici,
1013 3606 1046 3640 ex
1060 3604 1111 3640 ere
1123 3584 1248 3650 minimo,
1261 3585 1290 3637 in
1304 3584 1392 3637 Cirne-

372 3664 416 3730 34.
450 3668 584 3738 Imaginem
614 3687 694 3721 amon
715 3670 839 3740 flagrasse
880 3663 1387 3733 lioD.Abbstistnvsnsicinscriptot

330 3744 458 3817 quosdam.
473 3746 546 3801 brot.
560 3763 596 3801 tx
612 3746 700 3801 Dsleo.
717 3746 838 3817 codflu·
881 3763 948 3799 ortu
964 3764 979 3799 c
995 3763 1052 3799 cres
1072 3744 1129 3797 Διο
1148 3762 1155 3795 r
1172 3743 1324 3814 legebamus
1336 3744 1391 3814 jssn

330 3842 413 3893 gratu
427 3826 557 3898 quosdam
571 3824 627 3878 slit.
643 3824 838 3879 emendandum
882 3825 947 3878 olim
963 3842 1031 3877 osvo
1050 3822 1154 3877 Claudio
1170 3823 1243 3876 CIVi
1261 3822 1311 3875 Suo
1325 3822 1393 3874 Are·

331 3914 386 3969 est,
399 3923 515 3970 ammo,
527 3917 557 3958 ut
568 3904 653 3959 Gron.
668 3904 768 3976 aliique
784 3903 841 3957 edi·
882 3902 1392 3972 nurmlmmttusenopsarrsquem

332 3980 441 4049 dauns,
456 3983 507 4036 nisi
527 3983 587 4053 quis
604 3984 708 4035 lomim
725 3984 839 4057 quadan
882 3983 911 4035 in
932 3982 986 4036 slio
1009 3983 1168 4035 numisioste
1194 3980 1286 4035 dixere
1310 3978 1391 4031 iidem

331 4061 492 4133 subintelligi
506 4062 641 4129 relitllo,
727 4119 733 4128 ⁵
883 4062 936 4115 frui
950 4064 1003 4131 jsrn
1017 4078 1120 4123 suoru
1133 4076 1299 4115 orrrssonvst
1310 4074 1395 4113 usur·

373 4140 417 4197 3⁵.
441 4142 519 4193 Edico
540 4142 570 4194 de
591 4143 628 4193 Ιώ
647 4141 777 4195 wionius.
800 4144 839 4196 De
882 4159 985 4195 meurs.
998 4142 1091 4193 Hsnn.
1142 4188 1145 4193 .
