3100 5125
362 522 426 596 151
623 534 671 601 C.·
690 536 855 605 PLINII
880 537 989 605 NAT.
1015 535 1149 603 HIST.

357 659 426 727 sive
438 660 584 731 Suffetiae
597 665 716 759 virgini
722 668 863 755 Vestali,
877 682 916 738 ut
931 681 1111 763 poneretur
1124 666 1182 734 ubi
1195 664 1310 735 vellet:
1325 666 1415 760 quod

357 763 521 858 adjectum
540 793 608 837 non
630 773 739 841 minus
766 775 901 845 honoris
925 774 1042 857 habet,
1064 796 1163 865 quam
1186 772 1315 841 feminae
1344 796 1415 841 esse

357 869 535 941 decretam.
553 876 711 945 Meritum
723 880 794 972 ejus
805 883 839 949 in
859 881 936 974 ipsis
952 904 1072 973 ponam
1089 874 1266 947 Annalium
1285 876 1415 945 verbis:

361 976 490 1063 «Quod
507 1002 662 1075 campum
675 984 866 1054 Tiberinum
885 984 1067 1080 gratificata
1081 998 1168 1052 esset
1186 1006 1225 1051 ea
1245 981 1379 1078 populo.
1393 1012 1413 1046 >v

325 1105 336 1140 1
409 1085 485 1150 ΧΠ.
505 1086 642 1155 Invenio
660 1103 694 1158 ct
713 1092 928 1186 Pythagorae,
950 1106 983 1159 et
1005 1088 1181 1174 Alcibiadi,
1202 1090 1236 1156 in
1259 1086 1416 1158 cornibus

357 1188 482 1256 comitii
497 1192 634 1282 poenas,
646 1218 748 1287 quum
764 1195 850 1265 bello
869 1194 1023 1265 Samniti¹
1049 1193 1167 1290 Apollo
1189 1194 1324 1287 Pythius
1347 1192 1414 1261 for-

357 1292 485 1361 tissimo
514 1298 613 1388 graiae
642 1303 747 1391 gentis
771 1302 939 1393 jussisset,
966 1315 999 1371 et
1029 1299 1122 1369 alteri
1154 1300 1392 1395 sapientissimo
1404 1332 1419 1383 ,-

356 1396 531 1469 simulacra
543 1402 665 1472 celebri
677 1403 751 1474 loco
766 1407 866 1476 dicari
887 1434 894 1475 :
913 1432 951 1475 ea
964 1419 1082 1475 stetere
1097 1405 1202 1473 donec
1215 1403 1301 1499 Sylla
1315 1404 1416 1472 diota-

355 1515 408 1571 tor
425 1503 470 1571 ibi
486 1508 611 1577 curiam
627 1509 786 1579 facerat:
803 1514 988 1606 mirumque
1003 1525 1070 1597 est,
1084 1509 1156 1579 ittos
1168 1525 1277 1604 patres
1289 1511 1415 1578 Socrati

354 1609 482 1677 cunctis
500 1611 542 1680 ab
559 1613 676 1683 codem
690 1616 755 1686 deo
763 1620 921 1712 sapientia
940 1601 1087 1712 praelato³
1102 1616 1322 1709 Pythagoram
1333 1638 1416 1708 prae-

356 1712 485 1799 tulisse,
510 1732 569 1786 aut
588 1734 639 1788 tot
657 1720 726 1790 aliis
745 1725 866 1791 virtute
893 1722 1115 1807 Alcibiadem,
1137 1734 1195 1790 aut
1214 1730 1413 1814 quemquam

243 1849 245 1852 ·
322 1849 336 1881 1
354 1808 745 1913 utroque⁴Themistocli
757 1827 996 1898 Columnarum
1007 1828 1090 1897 ratio
1098 1823 1299 1913 erat‚attolli
1313 1850 1414 1921 supra

355 1939 491 1995 caeteros
511 1930 667 1999 mortales
691 1954 699 1995 t
721 1933 811 2027 quod
833 1950 867 2004 et
887 1958 983 2005 arcus
1010 1932 1197 2026 significant
1217 1932 1342 2001 novitio
1365 1934 1415 2000 in-

300 2074 312 2093 .
354 2043 466 2099 vento.
492 2034 620 2104 Primus
644 2052 755 2107 tamen
788 2040 894 2108 honos
921 2041 1022 2134 coepit
1056 2062 1075 2106 a
1102 2039 1228 2107 Graecis
1244 2063 1251 2103 :
1269 2036 1415 2129 nullique

354 2135 497 2206 arbitror
517 2139 628 2233 plures
649 2157 774 2213 statuas
789 2144 934 2230 dicatas,
949 2167 1048 2238 quam
1067 2142 1227 2212 Phalereo
1244 2143 1416 2211 Demetrio

353 2229 523 2346 Athenia⁵.
541 2247 708 2340 Siquidem
734 2272 845 2319 ccccx
868 2228 1042 2335 statuere⁶‚
1060 2248 1207 2318 nondum
1221 2272 1309 2317 anno
1322 2247 1417 2315 hunc

393 2428 454 2481 m
474 2448 497 2482 r.
507 2430 578 2484 Bello
587 2432 785 2500 Samniti.Quod
799 2455 860 2490 aaa.
906 2436 1016 2490 Athenis
1029 2433 1237 2506 prefectoNide
1256 2432 1415 2486 Strabonem

353 2506 388 2557 U·
402 2514 469 2573 ⁴¹1,
488 2510 685 2584 Campanorum
699 2529 793 2588 rogata
809 2534 862 2570 auc·
905 2517 974 2570 libro
991 2516 1039 2571 IX.
1057 2514 1124 2571 Dar..
1145 2513 1312 2566 -Plralereo
1326 2513 1416 2564 Deme-

352 2603 446 2656 eepere
460 2589 584 2644 Romani.
600 2593 644 2645 Illi
660 2595 731 2648 enim
752 2613 766 2648 a
787 2597 861 2650 Sam·
905 2601 961 2650 trio.
981 2595 1092 2666 Egimue
1112 2592 1146 2646 de
1169 2611 1201 2646 eo
1224 2593 1252 2645 in
1273 2605 1415 2647 auctorum

352 2663 454 2719 nitibue
463 2669 542 2734 victi,
554 2672 681 2726 Remmia
695 2672 859 2728 deditionem
899 2674 1005 2728 indice.
1020 2673 1109 2727 1111111.

351 2743 480 2798 fecerunt.
495 2747 587 2802 liano.
944 2761 969 2806 6.
995 2750 1116 2824 Siquidem
1141 2751 1262 2805 CCCLX
1283 2762 1416 2802 statuere...

395 2840 421 2874 1.
446 2825 488 2875 Ea
507 2838 611 2894 stetere,
625 2831 699 2882 donec
725 2831 797 2902 Sylla
821 2831 861 2884 di·
904 2853 967 2885 anua
986 2832 1048 2883 banc
1065 2851 1131 2885 aram.
1146 2831 1207 2882 dier.
1224 2830 1357 2882 excedente.
1374 2830 1415 2880 lta
1463 2865 1464 2868 =

353 2898 478 2955 cantaridi
487 2909 683 2975 eademnam.
693 2911 725 2961 ln
737 2922 810 2980 parte
820 2912 861 2962 in·
904 2913 968 2981 Reg.
987 2930 1017 2974 1,
1033 2911 1111 2964 Colb.
1131 2912 1165 2972 3,
1178 2926 1321 2981 omnesque
1339 2906 1414 2960 editi.

352 2979 445 3033 teriori
454 2983 507 3036 fori
518 2988 668 3052 romani,ia
680 2988 807 3042 cornibua
818 3008 861 3042 co·
904 2992 992 3044 Varro
1007 2987 1079 3058 apud
1095 2989 1215 3042 Nonium
1229 2989 1267 3042 eie
1285 2987 1414 3056 scriptum

352 3055 633 3118 miribel-dinemo
650 3068 744 3136 aSylla
759 3069 859 3121 curiam
903 3069 1028 3141 reliquit:
1060 3095 1071 3116 ι
1086 3067 1135 3122 Hic
1153 3067 1303 3120 Demetrion
1328 3084 1413 3118 eume

351 3136 397 3190 hic
407 3139 481 3193 loona
490 3141 594 3198 edocet.
605 3145 638 3198 ln
649 3146 724 3200 libris
734 3147 860 3200 hactenus
902 3161 942 3201 tot
954 3147 1028 3220 aptn'
1037 3161 1089 3220 eat,
1102 3147 1176 3214 Quot
1188 3147 1260 3200 lacer
1271 3163 1354 3198 annue
1366 3145 1413 3197 ba·

351 3213 443 3282 ‘dllsse
457 3246 469 3267 ¹
481 3221 580 3276 celebri
593 3224 654 3278 loco
663 3225 762 3290 dicari,
774 3225 860 3280 donec
903 3227 950 3280 bet
960 3227 1119 3280 absolutae·
1134 3224 1246 3278 Modum
1262 3225 1324 3278 anni
1336 3225 1415 3295 graeci

351 3293 441 3368 Sylla,
454 3313 505 3353 etc.
516 3327 528 3348 ι
545 3304 645 3356 ceteris
663 3307 859 3375 pretermissis,
904 3306 985 3360 tuisse
1003 3319 1057 3359 turn
1076 3305 1204 3376 temporie
1221 3303 1325 3356 dierum
1339 3302 1415 3355 dum-

351 3393 412 3444 qaae
436 3396 484 3430 noa
507 3382 668 3435 restituimus
688 3403 720 3436 ex
742 3385 860 3455 veetiglie
903 3397 976 3440 taxat
991 3384 1121 3446 CCCLX,
1130 3397 1186 3436 turn
1200 3401 1232 3435 ex
1250 3382 1416 3446 huminati-

268 3516 274 3531 ἱ
352 3452 451 3508 codicia
471 3459 535 3529 aeg.
557 3479 584 3525 1,
605 3461 633 3514 in
655 3481 709 3532 quo
728 3463 859 3524 vidimus.
904 3467 1006 3536 bneque
1022 3463 1194 3527 teatimoniia,
1210 3475 1269 3514 tum
1287 3461 1413 3514 exCleo·

356 3557 368 3579 ι
381 3531 463 3586 dicari
475 3555 505 3591 ea
519 3552 558 3592 eat
575 3551 602 3592 et
616 3540 757 3595 etcredoae
773 3543 859 3612 Sylla,
904 3542 961 3596 buli
981 3542 1135 3614 aenigmate,
1153 3539 1226 3612 quod
1244 3536 1316 3611 apud
1333 3541 1412 3592 Laer-

352 3623 403 3664 etc.
417 3637 429 3659 »
446 3628 516 3668 certa
531 3618 609 3686 plane
621 3619 813 3676 emendatione.
825 3622 857 3674 H.
905 3621 971 3675 tium
990 3634 1046 3688 eat,
1064 3621 1152 3690 colligi
1175 3631 1270 3690 putant
1290 3619 1412 3671 nonnulli

394 3691 420 3743 3.
437 3693 535 3747 Socrati
552 3702 642 3750 carretis
661 3699 692 3751 ab
710 3701 792 3752 eodem
817 3702 861 3752 dea
904 3714 976 3754 recte
1000 3718 1097 3772 poree:
1120 3712 1160 3752 eat
1184 3699 1256 3752 enim
1281 3694 1412 3768 ejoamodi

352 3774 470 3841 sapientie
479 3775 592 3845 praelato.
610 3776 682 3831 Vide
694 3799 775 3850 supra
787 3780 859 3843 vll,
904 3778 985 3833 latine
999 3777 1132 3832 redditum
1149 3796 1156 3830 ε
1176 3803 1186 3824 ι
1203 3777 1325 3829 Biaaenoa
1337 3777 1412 3846 geui-

352 3867 409 3922 cap.
428 3853 475 3906 ³1.
496 3853 584 3909 111111.
905 3869 947 3911 tor
964 3871 1039 3911 natoa
1050 3859 1139 3924 Jaabet
1160 3874 1229 3908 unua
1244 3877 1250 3906 :
1267 3867 1294 3918 et
1313 3855 1411 3906 horum

394 3936 420 3992 4.
437 3933 492 3984 Aut
503 3953 641 4006 quenquam
657 3949 763 4009 atroque.
780 3937 858 3990 Utra-
903 3938 958 3990 Ter
975 3951 1036 3991 aunt
1054 3937 1149 4008 cuique
1159 3933 1249 3988 decem
1269 3946 1345 3996 nate,
1366 3951 1412 3985 aa·

352 4024 404 4077 qne
416 4011 502 4066 laude.
519 4013 609 4068 Haeo.
902 4016 986 4069 riante
1000 4017 1092 4087 figura.
1105 4015 1212 4085 Quippe
1223 4013 1280 4065 eliis
1290 4013 1412 4064 colorent

393 4091 420 4140 5.
435 4093 514 4159 Quam
523 4093 640 4146 Phalereo
652 4095 775 4146 Demetrio
783 4097 859 4146 Athe·
902 4095 993 4158 albus,
1007 4097 1083 4166 niger
1097 4093 1197 4146 inditae
1212 4092 1263 4144 illie
1277 4113 1282 4142 :
1296 4092 1412 4143 Immor-

353 4169 397 4216 m’s.
415 4167 440 4220 A
453 4169 602 4226 Casaaodro
612 4175 786 4227 Macedonum
798 4193 858 4244 rege
903 4175 954 4226 tale
975 4193 1056 4242 genua
1073 4191 1155 4242 quum
1175 4173 1242 4234 siat,
1258 4171 1413 4224 moriuntur
