3100 5125
495 546 650 614 maen
678 545 841 613 xxxv.
1125 540 1202 638 329

134 682 276 773 picture
292 677 429 748 modum
450 674 638 762 includere,
654 700 767 746 rarum
785 677 820 744 in
839 699 992 746 successu
1013 674 1092 744 artis
1114 676 1203 744 inve·

134 787 236 854 nitur.
262 782 396 852 Ambire
413 784 500 852 enim
520 781 619 851 debet
640 807 676 852 se
692 783 881 852 extremitas
897 782 987 876 ipsa,
1007 793 1040 849 et
1057 782 1104 850 sic
1121 780 1202 850 desi·
1219 787 1236 841 8

132 915 233 969 nere,
261 903 301 957 ut
319 890 492 985 promittat
510 886 574 957 alia
596 903 672 984 post
695 913 748 975 ser
765 886 983 980 ostendatque
1003 886 1102 956 etiam
1128 909 1203 980 quoe

132 994 289 1065 occultat
310 997 407 1064 Hanc
426 996 457 1064 ci
486 992 627 1090 gloriam
651 1017 843 1064 concessere
867 994 1051 1087 Antigonus
1077 1006 1110 1062 et
1131 996 1202 1062 Xe·

133 1115 302 1188 uocantes,
319 1102 376 1195 qui
391 1100 434 1169 de
448 1085 610 1195 pictura³⁹
623 1102 785 1195 scripsere
798 1124 807 1168 t
822 1097 1037 1193 predicantes
1051 1123 1200 1193 quoque,
1289 1091 1297 1100 ”

133 1233 202 1276 non
230 1205 340 1276 solum
368 1206 574 1276 confitentes.
606 1205 677 1274 atta
704 1203 809 1276 multa
831 1203 999 1300 graphidis
1010 1189 1036 1235 ⁴⁰
1063 1205 1200 1298 vestigia

134 1327 263 1382 exstant
278 1315 314 1380 in
331 1310 451 1382 tabulis
466 1336 506 1380 ac
521 1313 722 1382 membranis
740 1313 828 1405 ejus,
845 1309 1020 1405 exquibus
1038 1309 1200 1403 prolicere

134 1418 295 1488 dicuntur
304 1417 456 1488 artifices.
468 1420 582 1488 Minor
596 1431 706 1488 tamen
717 1403 959 1500 videtur⁴¹‚sibi
972 1430 1199 1510 comparatus,

135 1526 169 1593 in
186 1522 305 1594 mediis
323 1523 519 1618 corporibus
537 1523 767 1619 exprimendis.
782 1523 892 1592 Pinxit
906 1536 939 1592 et
952 1525 1085 1592 Demon
1096 1522 1199 1592 Athe-

134 1616 344 1718 niensium⁴²‚
363 1644 560 1724 argumento
573 1655 705 1724 quoque
719 1626 1044 1724 ingeniosollolebat
1057 1652 1199 1724 namque
1217 1661 1234 1712 9

132 1791 220 1858 liamr,
247 1811 283 1845 ue
307 1791 373 1863 quid
400 1792 472 1860 hiet,
494 1793 645 1864 superiorve
729 1798 776 1856 41.
790 1781 967 1846 4Μὶιιιινειυιιοηι
981 1793 1087 1846 effletur.
1105 1793 1199 1848 Graci-

132 1872 289 1941 protraberet
308 1888 342 1925 ae
361 1871 483 1926 emineat.
505 1873 557 1926 Are
572 1873 644 1926 enim
687 1870 768 1926 liores
778 1872 869 1934 tevine
878 1871 978 1926 mediae
986 1889 1130 1944 corporum
1142 1891 1202 1943 par-

133 1967 214 2020 quam
227 1951 382 2004 abialormi
391 1950 544 2006 rudimento
554 1964 644 2023 etety·
688 1963 728 2006 tes
734 1950 850 2016 videtur,
856 1951 878 2004 si
885 1970 946 2006 cum
953 1952 1076 2005 universo
1087 1971 1200 2023 corpore

132 2040 195 2100 poto
205 2030 330 2101 incipiat,
341 2031 521 2102 particulatim
530 2032 644 2084 lormam
687 2032 875 2085 conferrentur
889 2049 896 2084 t
912 2044 1045 2094 utcontra
1059 2033 1154 2086 Zeuxis
1171 2023 1201 2086 ili

131 2106 428 2182 addit,perlertoqueet
435 2112 555 2164 absoluto
563 2129 645 2184 opere
686 2111 833 2182 capitibus,
854 2109 1082 2182 quemadmodum
1099 2107 1201 2166 dictum

132 2205 239 2242 manum
250 2187 343 2254 addit,
355 2188 402 2244 ned
412 2191 504 2244 labore
512 2192 644 2257 maximo,
686 2203 726 2244 ert
736 2209 826 2262 capra,
836 2188 1156 2261 grmdiordeprehemm.
1166 2191 1200 2244 Η.

132 2271 306 2339 qmmobrem
318 2270 498 2338 χαλεπώτατόν
512 2273 562 2331 iera
574 2273 643 2340 ἔργον
727 2277 771 2334 da.
779 2270 866 2322 Pinxit
875 2283 899 2322 et
910 2271 1003 2322 &mon
1008 2271 1198 2326 Atheniensium.

132 2348 188 2399 ὅταν
205 2352 230 2402 iv
249 2350 318 2416 ὄνυχι
331 2351 410 2411 mate
429 2352 541 2423 γίνηται.
558 2349 643 2403 lladr.
686 2353 779 2419 Δῆμον,
788 2350 840 2402 hoc
852 2363 902 2414 eet,
911 2348 1007 2421 populi
1018 2350 1198 2416 Atheniensis,

130 2426 194 2478 Joa.
206 2427 256 2480 lib.
268 2428 322 2490 lv,
334 2447 392 2499 cup.
405 2430 449 2483 18.
461 2431 529 2482 Dar..
542 2459 582 2472 -
591 2431 644 2482 Ee-
685 2446 731 2482 eeu
752 2429 851 2481 civium
874 2429 903 2482 in
927 2429 1062 2482 communi
1082 2429 1198 2482 concilio

131 2517 210 2559 trac.
225 2508 336 2561 Summa
349 2506 545 2564 commendatio
557 2508 643 2581 pietu-
685 2523 841 2562 constante
876 2506 1087 2560 multitudinem.
1117 2508 1199 2565 Juvat

129 2603 164 2637 re
179 2599 234 2651 eet,
246 2600 278 2639 nt
291 2606 404 2659 corpora
414 2590 443 2641 in
454 2589 544 2643 tabula
553 2602 641 2643 extre·
685 2598 775 2641 tamen
781 2588 898 2643 hocloco
906 2590 1036 2663 integram
1048 2588 1198 2643 adscribere

129 2664 263 2720 triclineis
271 2680 345 2721 tanta
352 2668 497 2722 subtilitate
505 2667 641 2739 procidat,
685 2664 886 2721 adnotationem
904 2668 994 2724 Caroli
1006 2668 1066 2723 Dati
1080 2668 1108 2721 in
1125 2669 1199 2723 liano

130 2743 380 2816 atqaumdeainere
388 2748 530 2819 ibieoapas
538 2761 642 2801 eertum
684 2745 765 2799 Plinii
778 2748 866 2801 locum
878 2766 908 2800 ex
921 2747 991 2801 libro
1002 2748 1105 2812 Italieo,
1118 2766 1198 2819 quem

129 2823 178 2887 eit,
189 2825 276 2879 vietam
290 2838 378 2881 tamen
388 2827 599 2897 circumcludat,
614 2839 642 2881 et
684 2824 829 2898 inscripsit,
852 2828 910 2879 Vite
926 2826 970 2879 ‘de'
983 2827 1073 2880 Pittori
1092 2829 1197 2892 antichi,

129 2903 231 2957 ambire
245 2924 302 2959 aeae
320 2906 469 2960 extremitas
483 2908 539 2978 ipsa
553 2905 642 2959 ridea-
684 2923 744 2976 pap.
756 2907 792 2976 73
808 2925 816 2958 ε
840 2907 921 2961 -Con
934 2906 995 2977 qual
1012 2919 1069 2961 arte
1078 2925 1095 2959 o
1106 2906 1200 2961 inven-

129 2994 180 3049 tar,
205 2984 312 3055 aliaque
331 2997 393 3055 poet
415 3003 443 3037 ae
464 2986 639 3056 promittere:
683 2985 760 3037 tione
781 2986 901 3039 Parrario
926 2998 1029 3057 potesse
1054 2987 1198 3057 etprimere

129 3061 178 3115 boc
191 3075 247 3127 eet,
262 3075 292 3118 ut
307 3082 400 3119 revera
411 3062 441 3117 id
459 3084 558 3136 corpor
576 3065 642 3119 emi·
683 3076 755 3117 tanta
769 3067 868 3119 varient
890 3063 1116 3119 d’inclinaaionie
1136 3064 1200 3121 d’af.

75 3157 78 3166 ’
129 3154 203 3205 neat,
212 3156 240 3195 et
250 3140 324 3214 qood
335 3144 364 3197 in
378 3143 519 3214 superlicio
530 3145 639 3215 planum
683 3143 755 3209 letti,
765 3144 792 3197 io
801 3158 961 3199 commeate
970 3164 1025 3199 non
1033 3145 1199 3215 enpreidire:

129 3221 374 3286 eet‚lorieexetare
388 3222 518 3277 videatur.
537 3225 641 3277 Intelli·
683 3222 760 3279 erin
780 3243 826 3277 ora
858 3225 979 3279 conlecto
998 3226 1200 3296 ingenuamente

128 3300 212 3369 pimus
225 3303 328 3372 pariter
339 3303 422 3356 lineae
435 3316 565 3357 extremae
575 3303 641 3357 exti-
683 3299 711 3354 di
727 3322 782 3355 nou
794 3321 837 3357 me
849 3303 867 3355 l'
880 3321 948 3357 esser
968 3316 1062 3375 sapato
1078 3304 1199 3375 immugi-

128 3396 251 3451 maeque,
277 3382 375 3451 quibos
400 3379 505 3454 depicta
526 3402 639 3454 corpora
682 3399 759 3435 nare.
785 3382 831 3435 Mn
858 3382 904 3437 chi
929 3383 951 3435 ai
978 3396 1141 3443 contentane
1169 3370 1198 3439 di

128 3458 415 3524 includuntur-‚llam
682 3459 780 3513 vedere
809 3462 837 3515 in
867 3461 971 3515 cambio
1000 3461 1068 3517 della
1098 3464 1198 3535 pitture

166 3539 213 3607 39.
229 3540 272 3591 De
285 3544 392 3610 pr'ctm.
411 3541 484 3595 Brut.
502 3558 534 3593 ex
555 3542 638 3613 negg.
682 3557 734 3593 nna
764 3541 833 3593 bella
857 3539 1021 3597 descrizioae
1045 3544 1087 3595 del
1110 3542 1198 3611 Genio

128 3615 204 3671 codd.
219 3640 253 3684 a,
268 3618 472 3691 3‚dcpieturia,·
485 3621 639 3675 teeteLaer
682 3616 811 3685 (l'Atene,
831 3619 932 3674 ricorra
954 3640 968 3674 a
989 3622 1130 3683 Plataico,
1153 3624 1197 3677 nel
1260 3628 1264 3641 '

128 3698 165 3749 tic
174 3698 202 3749 io
212 3698 381 3771 Chrysippo,
390 3702 446 3770 περὶ
455 3700 565 3753 entius
575 3701 639 3755 acri·
681 3701 771 3770 primo
784 3698 825 3755 de'
836 3700 945 3771 precetti
960 3720 1009 3773 per
1019 3702 1197 3757 amministrat

127 3789 212 3845 ecerat
224 3778 383 3848 Antigonae
397 3781 451 3833 En.
681 3778 706 3833 la
724 3779 889 3850 repubblica.
903 3780 1032 3833 Pnumnia
1053 3779 1122 3833 uelle
1134 3798 1196 3837 core

168 3862 212 3918 to.
225 3858 288 3910 Atta
302 3859 376 3911 malta
384 3859 511 3930 graphidis
521 3863 635 3928 vestigia.
681 3856 743 3911 dell'
753 3858 838 3913 Attica
861 3858 920 3913 dit-e
938 3859 1115 3913 oheLcocare
1126 3862 1195 3915 scul-

128 3936 215 4003 rma
228 3950 269 3989 αἱ
282 3937 385 4008 pictura
402 3938 522 4000 linearis,
543 3952 574 3993 ut
584 3941 638 4010 jam
682 3950 741 3991 tore
754 3938 810 3991 lece
825 3940 850 3991 la
864 3950 946 3993 statua
961 3937 1004 3991 del
1016 3939 1116 4009 popolo
1133 3940 1194 3993 Ate·

128 4010 638 4089 dizimmltecgnphtdjuexempmn,
680 4018 761 4071 aiere.
778 4017 916 4089 Giuseppe
928 4018 1018 4071 Ebreo
1029 4018 1091 4071 Ant.
1109 4018 1191 4073 Gind.

128 4091 168 4147 da
191 4094 292 4160 tastu,
326 4098 369 4151 des
396 4117 513 4168 cerycas,
540 4097 634 4169 vulgus
680 4096 828 4162 X1V,16;
855 4098 955 4153 Meum.
978 4098 1022 4160 11,
1047 4114 1091 4151 rt.
1115 4100 1192 4155 Aten.

128 4176 310 4238 iocatum,
677 4176 756 4239 Attio.
772 4176 1033 4257 Aristolaoligliuolo
1055 4196 1069 4229 e
1090 4178 1194 4239 scolare
