3100 5125
363 505 367 511 ’
475 543 626 611 runnu
652 545 838 612 xxxvi.
1120 539 1189 639 539

132 657 248 743 domo⁶
269 671 470 766 complexus.
491 673 606 761 Quare
621 676 720 743 etiarn
740 674 882 745 loribus⁷
904 676 1027 768 opertis
1047 675 1189 746 interdiu

132 778 323 848 claritas-ibi
345 779 464 848 diurna
483 793 574 866 erat,
591 779 656 850 alio
679 805 777 874 quam
800 767 1044 875 speculariuur⁸
1069 782 1189 864 modo,

132 898 296 978 tamquam
312 882 437 954 inclusa
453 884 542 970 luce,
557 911 625 954 non
645 888 846 956 transmissa.
864 889 904 955 In
919 887 1040 956 Arabia
1058 911 1189 983 quoque

131 1015 198 1060 esse
213 989 355 1084 lapidem
377 991 453 1060 vitri
476 991 576 1060 modo
599 992 856 1079 translucidum,
879 1017 945 1086 quo
968 1006 1106 1063 utuntur
1126 1019 1188 1088 pro

131 1094 368 1190 specularibus,
383 1097 470 1165 Juba
488 1111 605 1166 auctor
622 1113 681 1167 est.

180 1203 322 1272 XLVII.
338 1204 437 1272 Nunc
449 1202 491 1271 ad
504 1205 673 1298 operarios
688 1202 813 1298 lapides
826 1205 980 1300 transisse
994 1207 1187 1294 conveniat,
1207 1240 1219 1275 1

131 1308 338 1401 primumque
363 1323 454 1378 cotes
478 1308 567 1379 ferro
589 1309 749 1378 acuendo.
771 1308 878 1378 Multa
905 1334 1018 1380 earum
1046 1335 1186 1406 genera:
1290 1358 1294 1364 »

132 1411 284 1482 Cretieae¹
308 1413 365 1482 diu
380 1415 556 1483 maximam
578 1414 708 1485 laudem
725 1415 873 1484 habuere
894 1441 902 1484 :
921 1416 1097 1486 secundam
1121 1421 1189 1486 La-

131 1514 250 1588 eunicae
265 1543 305 1588 ex
323 1521 470 1614 Taygeto
483 1535 616 1605 monte,
634 1537 781 1616 utraeque
797 1519 871 1590 oleo
886 1522 1079 1616 indigentes.
1099 1525 1191 1592 Inter
1285 1593 1287 1596 Α

131 1708 371 1776 &pollucibilem
387 1706 515 1772 βασιλιὺς,
531 1707 561 1764 ἢν
577 1708 636 1776 Bp(-
681 1704 822 1758 Florentiae
843 1704 872 1758 iu
895 1705 1001 1758 ecelesia
1027 1706 1053 1758 S.
1075 1706 1192 1760 Miniatis

132 1782 178 1856 bap
190 1791 321 1846 καλοῦσινς
338 1787 428 1838 Hanc.
634 1786 636 1791 ’
681 1784 808 1838 fenestras
822 1803 893 1848 esse,
907 1785 934 1836 iu
949 1783 1045 1855 quibus
1059 1804 1109 1855 pro
1122 1787 1191 1838 vitro

171 1868 196 1916 6.
215 1865 300 1917 Aureo
317 1865 395 1916 dorso.
415 1863 491 1918 Hanc
513 1865 637 1917 Fortuuss
681 1863 779 1918 tabulas
790 1875 852 1916 sunt
863 1882 895 1934 ea
910 1862 1068 1928 alabastrite,
1079 1863 1192 1936 quinde-

132 1941 304 1996 edomantes
312 1943 425 1996 Neronis
435 1941 526 2009 domo,
535 1941 569 1996 de
575 1962 637 2015 qua,
680 1944 733 1995 cim
746 1941 827 2015 pedes
840 1943 916 1996 altas:
931 1954 957 1995 et
967 1943 1075 1997 ecclesia
1089 1957 1192 2009 tamen,

131 2041 187 2094 cap.
201 2030 248 2087 ²4·
258 2022 386 2076 inclusam
397 2022 534 2093 significat.
543 2023 636 2075 Hsan.
681 2023 786 2075 foribus
799 2022 920 2094 quamvis
932 2021 1046 2093 opertis,
1059 2022 1118 2076 luce
1129 2041 1192 2096 per·

169 2121 197 2172 7.
219 2103 302 2172 Quare
323 2107 394 2154 etrum
410 2103 508 2170 foribus
532 2106 635 2172 opertis,
681 2099 814 2155 funditur.
828 2103 919 2156 lirun.

131 2194 179 2235 etc.
200 2181 269 2236 Tota
285 2179 381 2235 domus
401 2201 416 2235 e
435 2199 567 2234 marmore
590 2181 637 2234 illo
722 2181 748 2234 8.
763 2181 824 2233 Atto
847 2201 918 2251 quam
937 2181 1093 2250 specularium
1113 2182 1191 2240 modo.

130 2260 251 2332 phengite
261 2274 362 2315 structa
376 2273 441 2316 erat.
459 2261 561 2315 Clausis
576 2260 639 2314 l'ori·
682 2259 750 2313 Nam
771 2261 922 2330 speculares
948 2260 1033 2314 lucem
1057 2262 1191 2315 transmit·

131 2340 179 2392 bns
194 2353 221 2393 et
234 2342 370 2406 fenestris,
384 2341 556 2394 nibilominus
567 2339 639 2393 diua·
682 2351 758 2403 tout,
778 2357 833 2392 non
853 2337 994 2393 includunt
1012 2335 1052 2400 (ut
1066 2360 1080 2394 u
1095 2339 1193 2394 Salma-

131 2437 164 2472 na
175 2421 291 2474 claritate
301 2420 490 2483 illustrabatur,
501 2431 636 2491 tamquam
682 2418 722 2471 sio
751 2429 874 2472 notatum
903 2430 940 2472 est
965 2409 1082 2489 supral:
1110 2420 1195 2489 phen-

131 2499 245 2566 inclusa,
259 2519 314 2552 non
330 2500 477 2554 transmissa
492 2499 565 2562 luce,
582 2500 639 2552 alio
681 2498 748 2570 gites
763 2499 830 2569 lapis
843 2497 928 2551 lucem
943 2498 971 2550 in
988 2496 1045 2550 aule
1064 2497 1192 2566 includit,

132 2598 208 2650 quam
220 2580 417 2651 specularium,
432 2576 527 2645 modo,
539 2580 638 2651 quilo·
682 2591 754 2631 etex
774 2597 802 2631 se
822 2577 919 2631 fundit.
937 2578 971 2631 ll.
988 2610 1027 2619 —
1045 2580 1104 2631 Alio
1122 2597 1193 2651 quam

132 2676 187 2711 cem
200 2659 395 2725 transmittunt,
408 2679 463 2713 non
483 2658 639 2724 includunt,
682 2657 840 2728 specularium
864 2657 942 2710 modo.
963 2657 1003 2709 Ex
1025 2656 1086 2711 loco
1106 2659 1193 2711 Tran-

132 2740 315 2792 ettransmissa
333 2740 394 2792 luce
411 2739 522 2792 domum
540 2738 640 2791 illumi·
683 2736 758 2808 quilii
774 2735 980 2807 supralaudato,
993 2748 1065 2807 patet
1079 2737 1194 2809 phengi-

132 2831 204 2871 nant.
219 2818 305 2871 Suu.
318 2849 357 2861 -
374 2819 458 2888 Quare
468 2821 539 2870 etiarn
542 2818 640 2885 sorr'bm
684 2815 889 2887 tem,imsgines
897 2816 996 2887 speculi
1006 2817 1086 2869 instar
1097 2835 1194 2888 repres-
1305 2851 1308 2857 ‚

132 2900 226 2965 opertis.
240 2898 286 2951 Sic
296 2898 362 2968 Reg.
380 2917 411 2960 a,
429 2911 455 2951 st
468 2897 582 2951 Pintiani
594 2916 639 2951 co·
683 2907 806 2949 sectasse.
816 2895 878 2948 Fuit
889 2914 954 2968 ergo
964 2895 1152 2957 translucidus,
1165 2910 1194 2963 ut

132 2972 356 3042 dex,rectissime.
368 2978 444 3030 Prius
457 2978 594 3049 legebatur
602 2978 640 3030 in·
683 2976 773 3028 lumen
782 2987 919 3029 externum
934 2975 1082 3046 scriperet;
1096 2976 1193 3046 politus

133 3056 216 3122 sulse,
221 3057 319 3125 foribus
333 3060 439 3127 operatu
451 3071 476 3110 et
486 3075 562 3121 mox,
575 3055 643 3108 laad
683 3055 761 3109 simul
775 3068 802 3109 et
812 3054 967 3125 splendens,
982 3067 1010 3107 ut
1023 3055 1094 3107 intus
1104 3054 1196 3126 imagi·

132 3136 181 3187 alio
194 3155 265 3207 quom
283 3138 440 3206 specularium
461 3135 550 3197 modo,
567 3134 640 3207 quod
683 3152 729 3187 nes
745 3135 890 3206 lumenque
911 3134 1065 3188 remitteret.
1079 3132 1195 3187 Videtur

132 3216 218 3268 verbis
230 3215 317 3267 statim
334 3216 504 3286 sequentibus
518 3214 640 3269 adversa·
684 3232 746 3285 ergo
755 3215 868 3267 multum
877 3213 1053 3267 secessisseatl
1064 3213 1196 3267 alabastri-

132 3306 182 3347 tur.
196 3293 416 3348 Emendationem
428 3308 542 3348 nostram
555 3294 640 3349 Isido·
684 3306 745 3359 ten,
759 3292 873 3345 l'olbatrs
885 3293 990 3345 oriente!
997 3332 1004 3357 ,
1021 3293 1049 3345 in
1063 3312 1118 3365 quo
1133 3305 1196 3347 sunt
1215 3310 1217 3315 “

132 3374 155 3427 ri
169 3373 271 3427 calculo
285 3377 508 3446 comprobamus:
529 3399 540 3420 ι
552 3375 638 3427 Phen·
684 3373 725 3424 he
737 3372 820 3425 dotes.
837 3375 877 3425 Ex
889 3374 962 3427 Brot.
977 3384 1045 3425 nott.
1061 3374 1112 3427 En.

132 3452 211 3524 gites,
225 3454 315 3523 inquit
328 3453 390 3516 ille,
404 3454 478 3524 Orig.
495 3453 541 3505 lib.
558 3454 641 3516 XVI,
726 3453 839 3504 vatl.
858 3470 881 3505 1.
896 3453 1005 3505 Cretica.
1026 3452 1154 3515 Alfenus,
1168 3451 1196 3505 in
1231 3502 1236 3513 ,

132 3550 189 3604 cap.
204 3542 236 3596 4.
252 3531 427 3603 Cappadociae
449 3534 528 3603 lapis,
542 3530 641 3586 duritia
684 3529 735 3601 leg.
750 3531 846 3584 Caesar.
862 3530 973 3602 runtg.
984 3530 1194 3586 dePublicauis:

133 3612 287 3671 marmoris,
299 3610 514 3683 candidusatque
528 3612 642 3665 translu·
689 3610 800 3665 «Caesar
814 3630 897 3681 quum
917 3611 1008 3665 insulta
1023 3613 1106 3667 Cretes
1125 3623 1195 3663 cota-

132 3689 206 3745 cidus
219 3713 226 3744 :
239 3709 271 3743 ex
285 3710 338 3762 quo
358 3691 492 3763 quondam
513 3691 641 3761 templum
686 3689 737 3743 rias
750 3690 865 3749 locaret,
879 3690 963 3761 legem
977 3691 1012 3743 ita
1028 3688 1129 3745 dixerat
1140 3688 1196 3742 :Ne

134 3783 314 3824 constructum
327 3784 365 3824 est
376 3769 517 3843 aquodam
531 3789 591 3841 rege
603 3772 643 3823 t‘o·
686 3770 746 3841 quis
755 3783 852 3841 praeter
860 3768 1055 3841 redemptorem
1068 3782 1129 3842 post
1138 3765 1198 3826 idus

132 3847 207 3901 ribus
217 3850 316 3913 aureis,
327 3851 423 3921 quihus
434 3850 528 3904 clausis
539 3850 641 3904 claritas
685 3849 791 3903 martias
811 3861 898 3907 cotem
914 3868 944 3902 ex
961 3850 1046 3902 insula
1068 3852 1145 3903 Creta
1157 3847 1199 3901 l'o.

134 3927 228 3981 diurna
244 3943 308 3981 erat.
319 3955 330 3976 ι
347 3930 468 3984 Pliniana
481 3930 537 3983 beo
550 3948 641 3983 narra·
685 3926 760 3994 dito,
773 3946 841 3981 neve
854 3928 979 3991 eximito,
1002 3940 1052 3980 etc.
1070 3954 1082 3976 ι
1109 3928 1143 3985 Η.
1157 3968 1198 3980 -.

134 4007 189 4072 tio,
202 4027 261 4079 qua
281 4007 363 4063 fidem
379 4008 506 4063 excedere
529 4009 641 4082 quibas·
685 4006 778 4060 Multus
793 4020 820 4060 et
838 4006 909 4078 apud
925 4026 974 4059 nos
993 4006 1064 4059 ferro
1077 4014 1197 4075 acuendo

135 4085 196 4139 dam
212 4085 403 4154 videtur,aion'
417 4089 508 4161 paucis
520 4106 644 4160 compro·
687 4098 772 4153 cotes,
792 4092 848 4157 gris
873 4086 998 4149 toutttter,
1023 4092 1078 4156 gear
1105 4110 1196 4165 rouge,

135 4165 214 4220 batur
226 4168 363 4239 exemplis.
386 4168 486 4222 Notum
509 4167 579 4221 iuter
592 4167 642 4221 alia
686 4167 772 4220 sedisse
780 4167 900 4236 argilem,
909 4165 1031 4233 ΒοΙυικιὶ,
1041 4179 1091 4221 etc.
1102 4172 1199 4243 quibus
