3100 5125
368 484 416 572 64
643 490 681 557 C.
709 490 876 561 PLINII
900 488 1010 559 ΝΛΤ.
1037 491 1166 559 HIST.

368 638 406 693 ut
432 624 466 693 in
491 608 604 716 Tago⁴
636 623 821 719 Hispanias,
856 622 947 693 Pado
975 620 1096 708 ltaliae,
1123 622 1237 693 Hebro
1265 623 1438 713 l‘hraciae,

369 727 502 799 Pactolo
521 730 623 813 Asiae,
641 731 759 824 Gange
780 729 893 799 ludiae.
908 732 979 799 Nec
994 728 1098 798 ullum
1115 728 1297 799 absolutius
1314 755 1439 801 aurum

335 889 349 923 ,
368 849 435 921 est,
456 850 493 904 ut
514 859 613 904 eursu
630 820 719 929 ipso⁵
739 837 883 930 tritaque
905 835 1116 930 perpolitum.
1134 820 1230 905 ali0⁶
1253 836 1352 906 ruodo
1371 862 1440 932 pu·

368 959 498 1013 teorum
517 941 690 1010 scrobibus
708 940 879 1029 effoditur,
896 956 954 1011 aul
968 944 1001 1010 in
1020 944 1115 1010 ruina
1131 942 1305 1011 montium.
1320 944 1440 1032 Quare

369 1065 509 1143 utraque
532 1048 616 1117 ratio
637 1047 774 1117 dicetur.
799 1049 925 1117 Aurum
953 1049 1010 1142 qui
1034 1063 1204 1141 querunt,
1226 1063 1303 1118 aule
1323 1051 1442 1118 omnia

370 1153 548 1252 segullum⁷
571 1151 715 1223 tollunt:
732 1156 776 1223 ita
797 1169 937 1223 vocatur
955 1153 1124 1223 indicium.
1145 1153 1268 1223 Alveus
1289 1154 1344 1225 hio
1363 1170 1438 1225 est:

370 1285 542 1355 urenaeque
559 1258 722 1347 lavantur,
738 1275 841 1354 atque
859 1286 899 1328 ex
918 1285 958 1330 eo
980 1260 1070 1353 quod
1088 1259 1226 1343 resedit,
1246 1260 1442 1354 conjectura

371 1369 510 1464 capitur.
533 1369 708 1435 Invenitur
727 1364 905 1460 aliquando
924 1368 958 1434 in
979 1390 1109 1435 summo
1127 1365 1244 1436 tellure
1267 1369 1441 1461 protinus,

371 1500 444 1543 rara
457 1472 613 1543 felicitate
629 1498 636 1540 :
653 1487 690 1541 ut
707 1458 833 1566 nuper⁸
849 1474 883 1540 iu
897 1470 1065 1541 Dalmatia
1082 1474 1269 1567 principatu
1283 1473 1442 1560 Neronis,

369 1578 507 1675 siugulis
526 1578 642 1649 diebus
664 1580 764 1647 eliam
781 1579 1029 1673 quinquagenas
1042 1577 1143 1647 libras
1161 1578 1312 1650 fundens.
1326 1582 1441 1649 Gum-

373 1796 384 1817 .
396 1763 638 1838 aritspudScythas
646 1760 735 1833 grypis
744 1773 878 1813 erutum..
925 1761 1007 1814 latere
1015 1780 1110 1813 aurum
1118 1758 1225 1813 iudicat.
1236 1761 1443 1834 H‚—Hispanis

370 1848 486 1902 Videtur
505 1863 594 1917 grfpas
609 1840 719 1906 dixisse,
741 1838 815 1911 quod
838 1840 882 1894 alii
925 1839 1014 1895 sdhue
1026 1854 1065 1893 est
1075 1842 1186 1911 sepulto.
1200 1841 1251 1893 Eu.

368 1928 486 2001 gryphes,
500 1924 587 1979 Greci
599 1924 704 1994 γρῦπας.
722 1922 779 1973 Nec
788 1918 883 1973 dubito
968 1922 995 1974 8.
1008 1921 1042 1973 Ue
1054 1940 1139 1991 asper.
1156 1921 1192 1973 Er
1206 1919 1270 1973 iude
1284 1921 1371 1973 simile
1382 1923 1443 1977 veri

370 2010 434 2083 quin
449 2019 475 2061 et
493 2006 530 2059 sie
542 2002 674 2073 scripserit
690 2001 735 2053 lib.
751 2001 824 2065 VII,
842 2019 855 2052 a
874 2020 882 2053 s
927 2014 966 2053 est
977 2000 1042 2052 olirn
1053 2019 1108 2053 esse
1119 2000 1231 2054 Romam
1242 1999 1443 2068 uasisduetum,

374 2084 557 2141 «Produnrur
570 2080 717 2151 Arimaspi,
735 2098 802 2153 quos
816 2078 885 2132 dixi·
927 2078 1062 2152 quidquid
1078 2080 1135 2132 ruri
1155 2080 1284 2150 signatum
1304 2080 1332 2133 in
1349 2100 1444 2136 moue·

373 2188 447 2232 mus,
465 2184 518 2217 uuo
540 2163 619 2217 oculo
640 2160 667 2213 iu
688 2160 776 2212 leonte
796 2158 885 2212 media
927 2161 962 2213 ris
988 2160 1047 2213 fuir.
1069 2158 1140 2212 Vide
1163 2159 1288 2213 Gorhol'r.
1314 2160 1343 2212 iu
1370 2160 1443 2215 cod.

372 2250 499 2320 insignes.
530 2243 627 2315 quibus
650 2238 755 2295 assidue
783 2240 885 2293 bellum
928 2238 1443 2313 Th.x‚r.13‚demeuuis,p.a92.

372 2348 428 2383 esse
449 2325 519 2379 ciros
545 2320 648 2375 metalla
670 2339 731 2373 curn
754 2319 855 2389 grypis.
869 2343 881 2365 ι
929 2319 986 2373 Nec
1000 2320 1111 2372 minima
1128 2338 1189 2391 pars
1201 2320 1307 2374 acoessit
1319 2340 1335 2374 e
1349 2320 1445 2391 preda

372 2410 432 2461 Lib.
447 2406 488 2468 X,
504 2410 539 2472 49
553 2419 560 2454 :
576 2428 588 2449 ι
605 2400 716 2470 Pegasos
730 2400 830 2470 equino
842 2417 885 2451 os·
928 2397 1303 2471 Macedonica,aimilibusque
1313 2400 1443 2455 victoriis.

372 2488 428 2560 pite
450 2484 570 2537 volueres
592 2494 617 2533 et
634 2498 740 2551 grypus.
760 2504 771 2525 ι
793 2478 885 2532 Guozr.
929 2476 1102 2533 Cassiodorus
1115 2480 1142 2533 iu
1158 2479 1293 2532 Chronico
1306 2480 1397 2533 scribit
1408 2482 1444 2535 ab

373 2565 581 2638 -Gryplris.1ra
590 2560 665 2615 MSS.
679 2580 733 2613 uon
743 2557 886 2631 gryphibus.
928 2579 973 2614 su.
983 2558 1018 2614 U.
1029 2560 1060 2614 C.
1075 2560 1142 2628 596,
1153 2559 1192 2612 Μ.
1204 2559 1314 2614 AEmilio
1327 2560 1446 2634 Lepido,

374 2650 418 2704 Sic
431 2645 533 2700 Plinius
544 2646 640 2698 ilerum
655 2641 672 2692 l.
685 2659 708 2692 c.
725 2641 818 2692 Hsnu.
930 2639 962 2694 C.
977 2639 1084 2708 Popilio
1094 2641 1200 2693 Leusre
1211 2659 1278 2693 coss.
1296 2642 1401 2696 metalla
1414 2643 1444 2694 in

415 2736 441 2792 4,
457 2728 535 2794 Tago.
552 2722 655 2774 Plinius
673 2720 747 2790 ipse,
760 2720 811 2783 lV,
831 2736 883 2788 17:
930 2717 1091 2774 Macedouis
1099 2720 1225 2773 instituta.
1240 2721 1342 2784 Livius,
1350 2722 1443 2774 va:

375 2809 486 2877 ..Tagus
509 2801 630 2856 auriferis
656 2800 743 2851 arenis
771 2799 888 2852 celebra·
932 2799 1059 2852 ·ldelelli
1076 2797 1245 2853 Macedonici
1258 2800 1351 2872 iungens
1361 2800 1447 2854 venri·

373 2902 424 2941 rur,
441 2911 452 2933 »
470 2880 550 2936 Ovid.
564 2879 599 2934 de
609 2877 783 2933 Phaethontis
796 2878 888 2930 iuoeu·
932 2880 983 2951 gsl.
995 2905 1006 2926 ι
1022 2879 1133 2932 EDscia
1143 2880 1265 2932 similiter
1277 2882 1445 2952 persolutum

373 2966 420 3021 dio
434 2965 542 3018 Metam.
558 2961 602 3024 11,
616 2978 641 3010 a.
660 2959 713 3012 ²51
737 2980 743 3008 :
766 2955 888 3022 ‹Quod-
931 2977 998 3012 suro
1016 2972 1179 3029 argentoque
1199 2961 1348 3024 tributum,
1369 2959 1445 3033 quod

374 3065 426 3118 que
442 3064 491 3099 suo
514 3042 603 3112 Tagus
623 3055 701 3092 amne
721 3036 809 3102 vehit,
829 3037 890 3090 fluit
931 3036 1030 3092 fodinis
1044 3037 1208 3104 abundares,
1225 3053 1317 3092 auctor
1333 3053 1373 3094 est
1385 3042 1446 3093 Cte-

375 3126 480 3198 iguibus
493 3139 598 3176 surum.
610 3145 621 3167 ι
637 3119 697 3170 Jom
711 3115 820 3170 desiisse
833 3135 889 3169 are·
931 3136 974 3170 sor
989 3118 1020 3171 B.
1036 3117 1072 3172 G.
1086 3119 1126 3183 V;
1141 3119 1191 3170 etsi
1205 3117 1327 3172 noudum
1342 3122 1368 3172 iu
1388 3118 1445 3172 lor·

374 3227 415 3260 use
426 3225 462 3259 ear
479 3202 613 3256 dicuutur.
629 3199 721 3250 llsau.
932 3215 1001 3250 marn
1012 3197 1156 3267 provincie
1165 3195 1272 3251 redacto
1280 3198 1357 3252 foret·
1366 3197 1446 3251 adde

417 3287 442 3340 5.
466 3284 519 3338 Nee
548 3280 623 3332 ullum
643 3275 774 3329 absolutus
804 3295 888 3328 ornam
932 3274 1001 3329 dous
1016 3277 1148 3329 sociorum
1167 3290 1369 3349 exterarumque
1380 3297 1445 3348 geu-

301 3370 307 3384 ’
374 3379 506 3430 est,eursa
519 3366 579 3432 ipso.
593 3360 691 3410 Voss·¹
705 3369 754 3419 eat,
768 3368 889 3409 utcursu
933 3357 1012 3410 tium.
1028 3353 1104 3409 Adde
1122 3354 1226 3410 fodinas
1245 3357 1446 3419 Galliarum,e

374 3448 433 3518 ipso
444 3443 561 3513 tritoque
572 3437 768 3510 perpolitum.»
784 3435 890 3488 Habent
933 3438 1051 3489 Cemeuo
1075 3449 1181 3501 moute,
1203 3453 1219 3488 e
1241 3437 1389 3504 Tarbellis,
1411 3455 1445 3490 ex

374 3539 401 3580 et
415 3521 501 3579 Acad.
518 3522 591 3574 Meu.
610 3515 804 3586 Gudianusque
827 3534 889 3586 por·
932 3515 1045 3586 Alpibus
1056 3515 1083 3568 iu
1092 3515 1208 3577 Salassis,
1220 3512 1364 3586 dequibus
1376 3518 1446 3572 son·

375 3604 494 3658 ticulum.
508 3601 545 3652 Ut
555 3611 580 3652 et
593 3597 748 3650 Piutisnus:
762 3593 809 3647 sed
820 3611 888 3666 prae·
932 3597 983 3659 ho,
995 3595 1036 3647 111
1050 3607 1076 3647 et
1087 3597 1138 3659 IV,
1152 3606 1178 3647 et
1189 3595 1258 3648 Cod.
1270 3595 1376 3649 Theod.
1388 3597 1406 3649 l.
1419 3615 1445 3649 o.

375 3697 446 3738 terea
460 3683 516 3752 ejus
530 3679 597 3731 liber
611 3681 752 3746 attrituque.
767 3675 860 3728 Gaou.
906 3697 910 3711 ·
931 3676 989 3744 lege
1003 3695 1031 3744 9,
1043 3674 1175 3737 Asturia,
1188 3673 1334 3737 Gelleoiu,
1344 3677 1447 3730 Lusita·

417 3769 444 3818 6.
461 3761 530 3816 Alio.
551 3756 625 3810 Putei
645 3757 721 3810 losse
743 3767 820 3819 suut,
839 3771 890 3824 per
932 3752 1133 3824 uioeque,uude
1142 3755 1303 3809 commercio
1312 3756 1445 3826 primurn,

375 3863 440 3916 quas
454 3840 487 3895 ad
497 3836 633 3892 cuniculos
643 3837 693 3888 irer
702 3848 759 3895 est,
773 3845 889 3884 meatus·
933 3853 995 3888 mox
1008 3833 1072 3886 belli
1087 3835 1148 3905 jure
1163 3836 1346 3888 Romanorum
1364 3835 1447 3890 armis

376 3943 428 3996 que
442 3923 626 3976 subterraneos
634 3916 733 3986 quihus
742 3912 776 3966 ad
789 3912 889 3965 metalli
932 3914 1061 3979 subactu,
1073 3931 1104 3966 so
1113 3913 1209 3966 triburi
1218 3914 1328 3967 nornine
1339 3917 1400 3986 plus
1411 3917 1448 3969 ri·

376 4021 470 4060 venatu
485 3996 649 4071 pervenitur.
662 3993 755 4048 Haau.
932 4012 997 4046 cena
1011 3994 1103 4047 »millis
1125 3993 1217 4066 pondo
1238 3995 1348 4066 siugulis
1370 3996 1447 4049 suuis

417 4103 446 4153 7.
467 4079 599 4150 Segulium.
614 4073 670 4127 Nos
688 4091 799 4124 manuam
814 4089 890 4124 ruos-
933 4073 1097 4144 prostitisse,
1113 4093 1176 4126 rnox
1187 4073 1314 4127 dicuutur
1325 4075 1377 4128 laoe
1386 4095 1446 4147 cap.

377 4173 544 4218 musterium
561 4173 617 4210 estu
627 4193 635 4219 ,
647 4170 707 4223 quae
721 4153 889 4210 subesseseu
935 4154 1027 4208 Hsau.
