3100 5125
343 530 415 604 ὅθεν
608 535 647 601 C.
674 531 848 600 PLINII
875 531 984 602 Nau.
1014 529 1141 598 uts‘r.

342 689 426 760 quos
442 665 541 734 etiarn
564 662 714 757 pluribus
736 661 843 732 modis
863 660 1087 732 versicolores.
1107 663 1239 731 vinnm
1257 659 1412 757 sulphuri

343 785 540 842 concoctum
563 767 826 839 ferruminatur¹⁹
842 771 876 838 in
900 769 1052 863 lapidem.

312 908 322 938 ι
396 879 557 946 LXVIII.
578 883 622 944 at
640 877 784 969 peractis
801 876 974 959 omuibus,
995 897 1068 969 quie
1086 886 1241 943 constant
1262 873 1410 967 ingenio,

343 997 450 1052 artem
464 995 584 1050 natura
606 981 764 1066 faciente,
792 985 956 1052 succurrit
975 981 1105 1066 mirari,
1128 977 1208 1049 nihil
1227 1003 1322 1076 pune
1343 1005 1411 1048 non

344 1090 413 1184 igni
432 1079 716 1182 perfici.(xxv11.)
736 1090 827 1183 Ignis
845 1090 965 1183 accipit
986 1083 1122 1172 arenas,
1141 1086 1319 1180 exquibus
1336 1085 1410 1156 alibi

343 1197 478 1277 vitrum,
493 1191 570 1262 alibi
588 1209 781 1290 argentum,
792 1193 870 1264 alibi
883 1196 1038 1281 minium,
1053 1192 1129 1262 alibi
1140 1191 1267 1287 plumbi
1279 1215 1411 1285 genera,

344 1300 420 1369 alibi
434 1299 706 1396 pigmenta‚alibi
714 1302 953 1372 medicamenta
962 1299 1079 1370 fundit.
1091 1303 1172 1394 Igne
1181 1295 1318 1393 lapidcs¹
1328 1301 1411 1368 ines

345 1404 534 1493 solvuntur,
554 1408 631 1501 igne
651 1407 776 1476 ferrum
804 1409 950 1504 gignitur
982 1431 1021 1478 ao
1046 1406 1219 1490 domatur,
1239 1407 1316 1498 igne
1337 1427 1412 1474 crc-

343 1527 434 1584 mato
460 1511 589 1607 lapide²
607 1529 765 1584 caementa
783 1515 817 1582 in
841 1516 936 1584 tectis
955 1513 1109 1609 ligantur,
1130 1511 1202 1580 Alia
1223 1512 1342 1605 saepius
1362 1511 1412 1578 uri

284 1631 288 1646 '
343 1618 489 1715 pandect
511 1618 703 1714 Eademque
718 1606 876 1688 materia³
897 1618 985 1690 aliud
1004 1619 1109 1714 gignit
1126 1618 1243 1712 primis
1266 1616 1413 1712 ignibus,

344 1725 432 1794 aliud
453 1725 622 1811 secundis,
639 1725 728 1794 aliud
751 1728 878 1796 tertiis:
896 1726 1031 1821 quando
1047 1727 1116 1819 ipse
1131 1724 1233 1793 carbo
1254 1725 1342 1792 vires
1361 1723 1415 1791 ha·

345 1831 425 1901 bere
443 1830 561 1925 incipit
581 1833 779 1919 restinctus,
796 1845 896 1928 atque
915 1834 1074 1902 interiisse
1095 1830 1263 1916 creditus,
1282 1829 1414 1923 majoris
1497 1842 1504 1855 '

348 1937 389 2006 fit
404 1938 546 2006 virtutis.
570 1939 737 2007 Immensa
761 1953 796 2008 ct
815 1939 968 2034 improba
992 1961 1104 2007 rerum
1129 1952 1256 2006 naturae
1281 1939 1413 2030 portio:

347 2044 437 2112 etin
457 2067 523 2136 qua
542 2042 678 2112 dubium
700 2045 756 2128 sit,
778 2043 873 2140 plura
891 2045 1061 2128 absumat,
1080 2067 1121 2112 an
1141 2043 1256 2137 pariat

317 2180 330 2216 1
402 2149 527 2216 LXIX.
559 2151 620 2218 Est
643 2165 677 2218 et
697 2151 776 2244 ipsis
802 2151 935 2244 ignibus
961 2150 1089 2220 medica
1113 2146 1417 2232 visrestilentiae,

349 2262 423 2348 qub
439 2251 517 2323 solis
537 2255 770 2325 obscuratione
788 2257 1007 2342 contrabitur,
1023 2257 1107 2350 ignis
1122 2254 1235 2325 suffitu
1255 2251 1416 2322 multifor-

349 2362 447 2429 miter
466 2358 614 2428 auxiliari
629 2375 756 2431 certum
777 2376 836 2433 est.
855 2360 1074 2457 Empedocles
1093 2375 1127 2430 et
1144 2363 1366 2455 Hippocrates
1386 2359 1418 2428 id

350 2467 618 2537 demonstravere
644 2468 782 2538 diversis
806 2468 896 2538 locis.
923 2468 975 2538 Ad
997 2467 1156 2537 convulsa
1184 2467 1330 2552 viscera,
1364 2479 1419 2534 aut

352 2588 507 2661 contusa,
522 2588 561 2642 ut
578 2574 778 2644 M.Varr0¹:
798 2576 876 2671 ipsis
893 2577 981 2645 euim
1000 2574 1109 2643 verbis
1127 2574 1198 2667 ejus
1215 2587 1307 2643 utar:
1327 2602 1346 2637 α
1359 2573 1419 2640 Lix

352 2680 435 2747 cinis
447 2692 515 2765 est,
532 2680 658 2773 inquit,
675 2681 752 2751 foci.
771 2682 854 2751 lude
869 2683 958 2751 enlm
974 2682 1055 2751 cinis
1071 2678 1190 2749 luxatis
1210 2694 1311 2775 potus
1321 2677 1332 2703 ²
1344 2702 1418 2755 ,me

397 2890 797 2964 19.Fermminarar.1nlapidis
807 2912 866 2947 mo·
909 2894 1020 2947 Plautus
1037 2893 1195 2965 simpliciter
1211 2893 1330 2946 cinerem
1346 2904 1420 2947 voest

353 2966 420 3023 dum
430 2967 581 3024 induratur.
595 2970 685 3025 liano.
908 2973 938 3026 in
947 2971 1042 3027 Milite.
1054 2974 1132 3039 Lixo,
1144 2990 1211 3045 aqua
1222 2990 1230 3025 ε
1240 2970 1304 3025 inde
1315 2972 1421 3038 elixare,

392 3048 520 3103 LXVIII.
549 3069 574 3104 r.
603 3051 665 3120 Igu
691 3052 791 3121 tapam
819 3052 866 3105 Li·
909 3072 976 3125 aqua
990 3070 1113 3122 coquere.
1134 3053 1217 3119 Lim,
1234 3052 1281 3123 qui
1301 3052 1418 3105 officium

354 3126 405 3181 bro
418 3128 549 3192 XXXIV.
562 3148 620 3201 cap.
634 3149 660 3183 a.
672 3130 765 3185 Iqu.
908 3132 1038 3185 sustinent
1051 3130 1268 3204 aqua-vehendo
1281 3131 1418 3185 militibus.

397 3226 424 3261 a.
436 3209 499 3278 Igne
517 3222 623 3262 cuncto
642 3209 730 3280 lapide.
754 3212 795 3263 Ex
810 3228 865 3283 quo
909 3211 1421 3276 Lr'ae‚cinis,velbumorcinerimixtus,

355 3286 413 3340 cclx
425 3286 549 3342 efficitur.
561 3289 652 3342 Huan.
908 3288 990 3345 hodie
998 3290 1128 3343 lixivium.
1136 3290 1248 3345 Nom-
1257 3290 1374 3356 Quidam
1385 3288 1420 3344 le·

396 3363 769 3440 &EamqumermUtde
778 3370 866 3441 plum·
908 3384 994 3442 gunt,
1018 3392 1029 3414 ι
1046 3368 1112 3423 Indo
1137 3370 1208 3422 euim
1232 3370 1301 3423 ciuis
1328 3371 1421 3424 luxatis

355 3445 391 3497 bo
400 3444 502 3501 dictum
512 3460 564 3513 est,
574 3448 622 3501 lib.
634 3449 765 3513 xxxffl,
775 3467 799 3502 c.
812 3456 864 3519 47:
909 3462 988 3522 potus
1006 3448 1138 3514 medetur,
1152 3460 1203 3502 etc.
1221 3472 1232 3497 ν
1250 3448 1367 3503 cinerem
1379 3450 1421 3503 bic

358 3548 371 3573 ι
386 3524 451 3596 Ejus
463 3527 511 3597 qui
525 3526 628 3597 primus
645 3528 695 3581 luit
707 3528 736 3582 iu
748 3528 866 3581 fornaci·
909 3528 1030 3583 lixivium
1043 3540 1214 3600 exponentes.
1222 3527 1293 3581 Vide
1304 3530 1420 3584 Diction.

354 3604 405 3657 bus
426 3605 527 3677 liquor,
548 3618 670 3661 stannum
695 3608 863 3679 appellatur:
908 3608 1045 3663 Constant.
1060 3608 1088 3661 iu
1100 3624 1166 3663 vocc
1179 3609 1258 3662 naula.
1271 3606 1421 3662 Dioscorid.

354 3683 557 3756 quaerundum
573 3697 731 3758 argentum,
744 3700 816 3741 etc.»
830 3685 864 3739 II.
909 3687 943 3741 de
969 3687 1061 3742 lixivio
1090 3684 1208 3758 idipsum
1236 3686 1358 3759 prodidit
1382 3688 1422 3743 hi·

394 3762 492 3817 mx„
515 3783 539 3820 t.
559 3765 598 3819 M.
622 3766 702 3819 Varro
719 3777 805 3817 auctor
821 3778 865 3819 est.
908 3768 998 3821 verbis
1017 3784 1024 3821 :
1045 3768 1174 3828 ποτῖζιταν
1195 3768 1254 3838 πρὸς
1277 3766 1421 3839 πτῦματα,

354 3844 418 3897 Duo
439 3856 572 3915 postrema
589 3846 671 3899 verbu
692 3843 819 3911 delenda,
833 3864 866 3899 ex
911 3846 1041 3918 ῥήγματα,
1054 3847 1205 3917 turipum,
1223 3862 1282 3919 cap.
1299 3846 1334 3899 dc
1350 3847 1422 3900 Firo.

330 3953 334 3960 -
354 3923 453 3993 scripto
463 3922 702 3999 codics‚sequitur
710 3925 783 3977 im
792 3924 866 3979 illico
910 3926 1009 3979 Dauno.
1024 3956 1064 4001 7
1084 3926 1152 3979 Ciuis
1170 3925 1269 3991 lucaris.
1288 3927 1332 3979 Sic
1351 3937 1423 3979 recte

354 4003 467 4055 verbum
480 4008 565 4075 iuquit.
578 4006 660 4080 Pura.
909 4007 1028 4059 Romana
1054 4018 1128 4059 vetus
1153 4003 1237 4059 editio
1262 4022 1269 4055 r
1291 4023 1364 4071 non,
1392 4018 1422 4057 nt

379 4100 420 4143 a.
428 4082 604 4156 Liaeiraspotus
614 4084 728 4137 medetur.
738 4084 865 4139 lixivam
909 4085 1113 4157 Delccamplus‚
1137 4088 1197 4137 cluis
1226 4084 1323 4137 lixivus.
1349 4084 1424 4138 Ciuis

353 4158 469 4215 clunem
493 4152 613 4232 (Grecis
637 4166 720 4219 ecilin
744 4154 866 4232 ςιντὴν)
908 4162 1332 4237 lixiwsdicltur.nouclui1ipse
1342 4162 1422 4217 ruodo
