3100 5125
466 463 618 532 LIBER
643 463 828 534 XXXIV.
1104 489 1173 562 2⁰7

102 599 199 670 cabira
216 598 361 682 exsistit,
378 595 542 692 aliamque
555 600 699 668 nominis
713 600 763 667 sui
778 583 958 693 originem⁶
977 598 1102 693 recipit.
1123 602 1174 671 Fit
1193 651 1208 683 2

101 721 219 776 autem
239 704 368 800 egesta⁷
394 705 535 774 flammis
555 719 654 798 atque
674 705 754 773 flatu
776 705 968 773 tenuissima
989 719 1084 799 parte
1107 732 1174 776 rna-

101 812 364 899 teriae,cameris
373 809 753 880 lateribusvefornacum
768 835 830 904 pro
839 812 1020 903 quantitate
1033 810 1174 882 levitatis

103 919 282 1014 applicata.
296 918 499 986 Tenuissima
515 933 565 985 est
579 919 612 985 iu
631 919 704 1011 ipso
724 917 897 986 fornacum
912 941 983 1001 ore,
1000 943 1065 1011 qua
1083 919 1175 988 llam·
1225 1001 1231 1014 ,

103 1051 168 1094 mae
188 1037 397 1109 eruerentur,
414 1021 576 1116 appellata
592 1025 732 1116 capnitis
739 1009 762 1106 ⁸,
780 1038 911 1108 exusta,
923 1037 956 1091 et
976 1025 1076 1092 nimia
1094 1023 1172 1094 levi·

104 1145 173 1200 tate
189 1129 305 1199 similis
321 1127 451 1198 favillae.
469 1129 631 1197 luterior⁹
650 1131 792 1224 optima,
813 1131 951 1198 cameris
969 1129 1174 1223 dependens,

105 1253 139 1304 et
158 1236 204 1305 ab
224 1261 267 1305 co
289 1249 486 1329 argumento
504 1235 656 1328 botryitis
674 1237 909 1329 cognominata
928 1253 935 1303 t
957 1235 1175 1329 ponderosior

106 1343 178 1412 baec
195 1345 325 1436 priore,
344 1339 450 1409 levior
467 1339 605 1435 porro¹⁰
623 1342 819 1436 sequuturis.
839 1343 917 1410 Duo
932 1342 1002 1434 ejus
1024 1341 1173 1412 colores:

106 1449 253 1518 deterior
272 1449 440 1531 cinereus,
466 1449 626 1541 puniceus
652 1446 780 1530 melior,
807 1445 963 1532 friabilis,
981 1447 1173 1517 oculomm·

106 1579 170 1649 que
181 1553 205 1578 ¹¹
220 1553 469 1623 medicamentis
490 1552 669 1622 utilissima.
683 1554 795 1621 Tertia
812 1566 862 1621 est
878 1553 911 1620 in
931 1551 1085 1622 lateribus
1108 1553 1172 1623 for·
1193 1591 1209 1642 3

107 1684 248 1743 uacum,
275 1682 350 1753 quae
377 1672 516 1752 propter
536 1661 732 1753 gravitatem
759 1657 801 1726 ad
824 1681 971 1728 cameras
1001 1664 1174 1754 pervenire

106 1791 174 1835 uon
192 1767 315 1860 potuit.
332 1768 412 1834 Haec
426 1764 547 1833 dicitur
566 1763 696 1859 placitis
709 1761 745 1847 ¹²,
763 1779 798 1832 et
817 1766 887 1860 ipsa
901 1765 944 1833 ab
960 1781 1174 1859 argumento,
1253 1787 1259 1800 ‘
1313 1777 1319 1792 ’

107 1887 218 1944 crusta
238 1872 370 1953 verius,
388 1893 487 1964 quam
503 1857 669 1964 pumex¹³‚
687 1873 776 1939 intus
793 1872 899 1955 varia,
920 1871 962 1939 ad
979 1895 1093 1965 psoras
1112 1874 1175 1942 uti·

108 2037 213 2093 taudem
239 2057 332 2100 sensu,
356 2035 423 2107 Iapis
443 2036 565 2088 exsistere
588 2037 618 2088 in
663 2038 794 2108 Descript.
806 2039 830 2102 1,
843 2055 900 2106 cap.
915 2038 947 2101 3,
960 2056 1019 2109 pag.
1030 2057 1071 2091 ro.
1081 2039 1172 2093 Hiran.

109 2119 259 2172 fornacibus
271 2115 387 2169 dIcilur?
399 2117 489 2168 Iliun.
705 2135 747 2171 ιο.
761 2117 937 2186 Leviorporro.
952 2117 1114 2172 Postremum
1127 2137 1174 2172 vo-

144 2203 173 2253 6.
187 2198 320 2268 Aliamque
330 2198 432 2247 nominis
442 2199 480 2246 sai
492 2198 616 2264 originem.
662 2213 719 2248 cem
737 2197 812 2248 Brut.
833 2214 864 2248 ex
879 2195 954 2249 nass.
971 2199 1052 2268 regg.
1069 2212 1095 2252 et
1108 2198 1171 2252 edit.

108 2279 182 2332 Tunc
194 2275 296 2330 dicitur
315 2276 341 2326 Iu
360 2275 442 2326 tuane.
459 2274 535 2326 Illam
554 2293 619 2347 quo·
661 2267 749 2347 princ.
762 2273 844 2328 delet.
856 2276 909 2328 En.

108 2377 159 2429 que
183 2373 357 2409 numeramus
378 2354 447 2406 inter
466 2353 567 2424 optima
592 2368 617 2407 et
705 2355 1112 2426 11.Oculorumqne.Diosc.loc.
1127 2357 1171 2410 cit.

109 2437 239 2490 lenisaima
246 2431 521 2504 medicamenta,que
533 2431 619 2485 deter-
661 2445 687 2487 ct
698 2433 803 2486 Oribas.
816 2434 892 2485 XIII.
909 2434 1001 2486 Iliun.

109 2529 173 2589 gunt
182 2527 209 2570 et
222 2514 331 2569 siccant.
340 2513 425 2567 mos.
704 2531 749 2568 aa.
760 2513 873 2577 Paean,
885 2524 911 2564 et
920 2516 972 2583 ipsc
981 2513 1011 2564 ab
1020 2526 1171 2583 argmenta.

146 2618 172 2667 7.
181 2597 409 2663 ditantemegesta.
422 2592 510 2644 Diosc.
519 2591 555 2657 V,
568 2593 615 2657 84,
664 2619 675 2639 ι
688 2593 808 2647 Placitis:
825 2606 851 2646 et
866 2593 893 2644 iu
905 2594 960 2663 ipsa
974 2607 1171 2663 argumentum.
1247 2636 1251 2645 .

108 2675 218 2730 totidem
227 2675 312 2727 lerme
321 2673 551 2726 verbiszrtwairea
562 2667 617 2730 atu
660 2672 789 2726 Planities
808 2684 894 2725 crusta
916 2672 1004 2725 acrius
1021 2674 1171 2744 aquensium

108 2754 216 2828 adpaia
227 2756 256 2807 ix
268 2758 410 2822 τοῦχαλκοῦ
420 2751 617 2823 καμινωομίνου,
659 2751 730 2805 intus
745 2751 818 2804 varia
836 2749 869 2803 ad
885 2751 1018 2804 luxuriam
1036 2752 1135 2805 utilior.
1156 2779 1167 2800 ι

108 2836 296 2907 epmteacieng
306 2838 351 2893 τῆς
362 2833 456 2902 λιγνύος
466 2834 517 2892 τοῖς
527 2833 617 2900 τοίχοις
659 2832 737 2885 MSS.
746 2831 886 2893 vitiosum
898 2831 1021 2902 equibus
1030 2831 1171 2886 commoda

108 2916 188 2985 αἰτῇ
201 2917 352 2983 κορυφῇτῶν
366 2914 508 2978 mulsae·
523 2910 617 2981 cigni-
659 2924 747 2963 tamen
774 2911 831 2965 baec
856 2910 935 2963 lectio
963 2909 1027 2964 duci
1054 2924 1140 2982 potest
1162 2932 1169 2965 :

109 3009 149 3048 tur
156 3007 184 3048 et
197 2991 303 3048 cadmia
318 2990 468 3062 effligine,
482 3008 540 3061 que
550 2989 615 3043 dum
663 3016 674 3038 ι
692 2990 815 3055 Placitis,
833 3003 860 3042 ct
881 2990 937 3061 ipsa
954 2992 987 3042 ab
1005 3004 1169 3062 argumento.

108 3076 263 3145 excoquitur
291 3090 340 3135 ei,
368 3082 454 3142 egesta
487 3069 617 3135 flammis,
659 3071 741 3124 Plana
754 3071 825 3123 euim
840 3082 927 3122 crusta
940 3082 979 3123 est
992 3072 1079 3123 verius
1091 3090 1169 3142 quam

109 3152 372 3225 flauaque,lateribus
387 3148 550 3221 eamerisque
565 3150 618 3202 fur·
659 3168 784 3221 squama,
804 3150 874 3202 intus
894 3150 977 3214 varia,
1003 3148 1036 3201 ad
1062 3151 1170 3205 bulcem

108 3252 201 3287 mcum
227 3230 384 3303 applicetur.
406 3254 418 3277 ι
438 3227 510 3282 Vide
535 3230 616 3282 etiam
659 3228 1168 3299 utilior}1Dar..-Hoecdiciturplaciu's.

109 3324 241 3367 aumoeem
249 3309 383 3381 deSimpI.
390 3308 461 3362 med.
469 3307 503 3361 ad
511 3309 616 3363 Patern.
660 3310 749 3362 Diosc.
762 3311 812 3361 loc.
827 3310 870 3361 cit.
882 3298 927 3369 Iu
938 3304 968 3361 dl
980 3311 1022 3362 »at
1034 3305 1170 3371 πλακώδης

109 3393 179 3464 Opp.
190 3392 252 3445 Gal.
264 3403 330 3443 tom.
343 3390 425 3453 XIII,
440 3406 470 3460 p.
483 3389 550 3458 987.
568 3389 602 3439 H.
660 3408 697 3448 τις
707 3392 842 3459 upplan,
854 3388 926 3459 ‘Iussi
942 3401 1068 3441 crustosa.
1082 3388 1115 3441 II.
1131 3422 1170 3432 —

146 3474 171 3525 8,
195 3471 330 3542 Appellato
347 3471 458 3539 capnitis.
478 3470 614 3528 Καπνίτις,
661 3468 1048 3538 Etipseudargumentc.Brnt.
1061 3470 1169 3540 cxlIeg.

108 3554 214 3606 fumosa.
232 3549 322 3602 Iliun.
661 3546 720 3600 cod.
737 3549 765 3613 5,
774 3558 799 3599 et
810 3550 834 3599 in
846 3551 897 3617 ipsa
908 3560 1073 3616 argumentum
1087 3550 1170 3618 piloni·

145 3652 172 3701 9.
194 3632 310 3683 Interior.
324 3626 473 3680 Dioscorid.
495 3627 549 3679 loc.
569 3627 616 3681 cit.
662 3630 705 3692 tie,
718 3640 815 3689 crusta,
830 3638 881 3680 etc.
893 3628 945 3680 En.

107 3708 237 3783 natutae
254 3710 324 3781 ciple-n
341 3709 386 3778 pta
402 3709 482 3767 Ien‘l
501 3708 616 3776 Κυπρία,
703 3706 746 3760 13.
778 3708 857 3776 Quam
877 3726 974 3777 pumex.
1003 3708 1168 3760 Pumicosam

108 3792 239 3862 aucupiam
253 3786 284 3841 dl
296 3788 436 3858 βοτρυΐτης,
448 3786 500 3839 boc
511 3798 566 3850 est,
576 3804 617 3838 ra·
659 3785 730 3839 enim
743 3785 873 3840 cadmiam
883 3786 1011 3856 optimam
1023 3805 1078 3839 esse
1087 3805 1167 3857 opor·

109 3888 218 3924 cemoaa.
229 3871 261 3922 In
274 3868 388 3921 officinis
407 3866 491 3919 tutbia
503 3866 617 3919 Alexan·
660 3879 716 3919 tere
723 3903 731 3927 ‚
745 3878 887 3920 auctorest
899 3867 987 3919 Diosc.
1001 3867 1053 3917 loc.
1064 3866 1106 3918 cit.
1121 3867 1167 3936 qui

108 3946 442 4019 drinadicitur,quoniam
456 3948 615 4017 cxAEgypto
660 3946 736 3998 exuri
759 3946 836 4016 jubet
860 3943 893 3999 ad
916 3944 1052 3997 medicine
1074 3964 1169 4007 usum,

109 4029 234 4102 Syriaque
255 4028 396 4080 advehitur
414 4044 422 4078 ε
440 4046 455 4077 a
475 4024 560 4078 tutbia
576 4039 615 4077 ta·
659 4024 746 4077 donec
767 4026 902 4097 pumicosa
925 4023 1046 4076 videatur
1067 4043 1073 4075 ε
1098 4027 1169 4095 μὶχρι

110 4127 166 4161 mec
198 4108 316 4163 Arabum
345 4104 456 4158 diversa.
485 4107 614 4175 Cauepar.
660 4101 815 4173 meonpddnc
833 4107 875 4162 τὴν
894 4105 943 4171 ὄψιν
957 4102 1111 4173 γίνηταιᾞ.
