<?xml version="1.0" encoding="UTF-8"?>
<!DOCTYPE html PUBLIC "-//W3C//DTD XHTML 1.0 Transitional//EN"
    "http://www.w3.org/TR/xhtml1/DTD/xhtml1-transitional.dtd">
<html xmlns="http://www.w3.org/1999/xhtml" xml:lang="en" lang="en">
 <head>
  <title>
</title>
<meta http-equiv="Content-Type" content="text/html;charset=utf-8" />
  <meta name='ocr-system' content='tesseract 3.04.00' />
  <meta name='ocr-capabilities' content='ocr_page ocr_carea ocr_par ocr_line ocrx_word'/>
</head>
<body>
  <div class='ocr_page' id='page_1' title='image "./caiipliniisecun00hardgoog_0617.png"; bbox 0 0 3100 5125; ppageno 0'>
   <div class='ocr_carea' id='block_1_1' title="bbox 476 516 862 597">
    <p class='ocr_par' dir='ltr' id='par_1_1' title="bbox 476 516 862 597">
     <span class='ocr_line' id='line_1_1' title="bbox 476 516 862 597; baseline -0.008 0"><span class='ocrx_word' id='word_1_1' title='bbox 476 516 629 597; x_wconf 78' lang='lat' dir='ltr'><strong>L&#39;lunlt</strong></span> <span class='ocrx_word' id='word_1_2' title='bbox 659 529 862 597; x_wconf 75' lang='lat' dir='ltr'><strong>xxxvlr.</strong></span> 
     </span>
    </p>
   </div>
   <div class='ocr_carea' id='block_1_2' title="bbox 1130 534 1202 628">
    <p class='ocr_par' dir='ltr' id='par_1_2' title="bbox 1130 534 1202 628">
     <span class='ocr_line' id='line_1_2' title="bbox 1130 534 1202 628; baseline -0.139 1"><span class='ocrx_word' id='word_1_3' title='bbox 1130 534 1202 628; x_wconf 65' lang='lat'><strong>(⁵⁰9</strong></span> 
     </span>
    </p>
   </div>
   <div class='ocr_carea' id='block_1_3' title="bbox 55 659 1299 2450">
    <p class='ocr_par' dir='ltr' id='par_1_3' title="bbox 134 659 1205 758">
     <span class='ocr_line' id='line_1_3' title="bbox 134 659 1205 758; baseline 0.003 -26"><span class='ocrx_word' id='word_1_4' title='bbox 134 687 259 757; x_wconf 78' lang='lat' dir='ltr'><strong>genera</strong></span> <span class='ocrx_word' id='word_1_5' title='bbox 282 660 540 755; x_wconf 83' lang='lat' dir='ltr'><strong>distinguuntur.</strong></span> <span class='ocrx_word' id='word_1_6' title='bbox 567 662 653 728; x_wconf 87' lang='lat' dir='ltr'><strong>Sunt</strong></span> <span class='ocrx_word' id='word_1_7' title='bbox 680 659 782 754; x_wconf 82' lang='lat' dir='ltr'>aliqui</span> <span class='ocrx_word' id='word_1_8' title='bbox 805 660 956 748; x_wconf 84' lang='lat' dir='ltr'><strong>obscuri,</strong></span> <span class='ocrx_word' id='word_1_9' title='bbox 975 681 1205 758; x_wconf 32' lang='lat' dir='ltr'><strong>quosxvocant</strong></span> 
     </span>
    </p>

    <p class='ocr_par' dir='ltr' id='par_1_4' title="bbox 84 752 1239 1284">
     <span class='ocr_line' id='line_1_4' title="bbox 84 752 1203 864; baseline 0.001 -25"><span class='ocrx_word' id='word_1_10' title='bbox 84 793 88 798; x_wconf 82' lang='lat'><em>·</em></span> <span class='ocrx_word' id='word_1_11' title='bbox 134 752 266 839; x_wconf 83' lang='lat' dir='ltr'><strong>coecos³</strong></span> <span class='ocrx_word' id='word_1_12' title='bbox 290 788 298 829; x_wconf 73' lang='grc' dir='ltr'><strong><em>ε</em></strong></span> <span class='ocrx_word' id='word_1_13' title='bbox 325 765 379 835; x_wconf 91' lang='lat' dir='ltr'><strong>alii</strong></span> <span class='ocrx_word' id='word_1_14' title='bbox 411 765 521 850; x_wconf 90' lang='lat' dir='ltr'><strong>densi,</strong></span> <span class='ocrx_word' id='word_1_15' title='bbox 551 791 613 834; x_wconf 87' lang='lat' dir='ltr'><strong>nec</strong></span> <span class='ocrx_word' id='word_1_16' title='bbox 641 764 804 861; x_wconf 89' lang='lat' dir='ltr'><strong>eliquido</strong></span> <span class='ocrx_word' id='word_1_17' title='bbox 831 767 1050 838; x_wconf 92' lang='lat' dir='ltr'><strong>translucidi:</strong></span> <span class='ocrx_word' id='word_1_18' title='bbox 1070 770 1203 864; x_wconf 90' lang='lat' dir='ltr'><strong>quidam</strong></span> 
     </span>
     <span class='ocr_line' id='line_1_5' title="bbox 135 871 1204 970; baseline 0.006 -30"><span class='ocrx_word' id='word_1_19' title='bbox 135 877 230 943; x_wconf 87' lang='lat' dir='ltr'><strong>varia</strong></span> <span class='ocrx_word' id='word_1_20' title='bbox 252 871 416 941; x_wconf 88' lang='lat' dir='ltr'><strong>nubecula</strong></span> <span class='ocrx_word' id='word_1_21' title='bbox 441 871 626 965; x_wconf 90' lang='lat' dir='ltr'><strong>improbati.</strong></span> <span class='ocrx_word' id='word_1_22' title='bbox 655 871 754 941; x_wconf 90' lang='lat' dir='ltr'><strong>Aliud</strong></span> <span class='ocrx_word' id='word_1_23' title='bbox 775 887 825 942; x_wconf 87' lang='lat' dir='ltr'><strong>est</strong></span> <span class='ocrx_word' id='word_1_24' title='bbox 846 873 929 960; x_wconf 87' lang='lat' dir='ltr'><strong>hoc,</strong></span> <span class='ocrx_word' id='word_1_25' title='bbox 950 899 1048 970; x_wconf 90' lang='lat' dir='ltr'><strong>quam</strong></span> <span class='ocrx_word' id='word_1_26' title='bbox 1067 877 1204 963; x_wconf 88' lang='lat' dir='ltr'><strong>umbra,</strong></span> 
     </span>
     <span class='ocr_line' id='line_1_6' title="bbox 135 964 1239 1073; baseline 0.001 -23"><span class='ocrx_word' id='word_1_27' title='bbox 135 980 181 1050; x_wconf 88' lang='lat' dir='ltr'><strong>de</strong></span> <span class='ocrx_word' id='word_1_28' title='bbox 202 1005 266 1073; x_wconf 87' lang='lat' dir='ltr'><strong>qua</strong></span> <span class='ocrx_word' id='word_1_29' title='bbox 287 979 428 1046; x_wconf 82' lang='lat' dir='ltr'><strong>diximus</strong></span> <span class='ocrx_word' id='word_1_30' title='bbox 436 964 458 1046; x_wconf 70' lang='lat'><strong>⁴.</strong></span> <span class='ocrx_word' id='word_1_31' title='bbox 478 977 651 1046; x_wconf 88' lang='lat' dir='ltr'><strong>Nubecula</strong></span> <span class='ocrx_word' id='word_1_32' title='bbox 678 981 778 1046; x_wconf 91' lang='lat' dir='ltr'><strong>enim.</strong></span> <span class='ocrx_word' id='word_1_33' title='bbox 793 967 982 1050; x_wconf 86' lang='lat' dir='ltr'><strong>albicantis⁵</strong></span> <span class='ocrx_word' id='word_1_34' title='bbox 1003 996 1053 1050; x_wconf 88' lang='lat' dir='ltr'><strong>est</strong></span> <span class='ocrx_word' id='word_1_35' title='bbox 1073 984 1205 1071; x_wconf 91' lang='lat' dir='ltr'><strong>vitium,</strong></span> <span class='ocrx_word' id='word_1_36' title='bbox 1224 1019 1239 1051; x_wconf 63' lang='grc' dir='ltr'>α</span> 
     </span>
     <span class='ocr_line' id='line_1_7' title="bbox 136 1084 1202 1180; baseline 0.004 -26"><span class='ocrx_word' id='word_1_37' title='bbox 136 1111 242 1180; x_wconf 91' lang='lat' dir='ltr'><strong>quum</strong></span> <span class='ocrx_word' id='word_1_38' title='bbox 258 1084 372 1154; x_wconf 87' lang='lat' dir='ltr'><strong>viridis</strong></span> <span class='ocrx_word' id='word_1_39' title='bbox 384 1108 453 1152; x_wconf 89' lang='lat' dir='ltr'><strong>nun</strong></span> <span class='ocrx_word' id='word_1_40' title='bbox 468 1085 644 1178; x_wconf 77' lang='lat' dir='ltr'><strong>pertransit</strong></span> <span class='ocrx_word' id='word_1_41' title='bbox 657 1099 830 1177; x_wconf 88' lang='lat' dir='ltr'><strong>aspectus,</strong></span> <span class='ocrx_word' id='word_1_42' title='bbox 844 1085 901 1153; x_wconf 91' lang='lat' dir='ltr'><strong>sed</strong></span> <span class='ocrx_word' id='word_1_43' title='bbox 914 1102 972 1156; x_wconf 88' lang='lat' dir='ltr'><strong>aut</strong></span> <span class='ocrx_word' id='word_1_44' title='bbox 985 1089 1073 1156; x_wconf 92' lang='lat' dir='ltr'><strong>intus</strong></span> <span class='ocrx_word' id='word_1_45' title='bbox 1087 1113 1202 1158; x_wconf 88' lang='lat' dir='ltr'><strong>occur-</strong></span> 
     </span>
     <span class='ocr_line' id='line_1_8' title="bbox 137 1189 1204 1284; baseline 0.006 -26"><span class='ocrx_word' id='word_1_46' title='bbox 137 1194 201 1278; x_wconf 85' lang='lat' dir='ltr'><strong>rit,</strong></span> <span class='ocrx_word' id='word_1_47' title='bbox 219 1206 279 1260; x_wconf 90' lang='lat' dir='ltr'><strong>aut</strong></span> <span class='ocrx_word' id='word_1_48' title='bbox 299 1190 420 1284; x_wconf 83' lang='lat' dir='ltr'><strong>excipit</strong></span> <span class='ocrx_word' id='word_1_49' title='bbox 437 1191 469 1256; x_wconf 91' lang='lat' dir='ltr'><strong>in</strong></span> <span class='ocrx_word' id='word_1_50' title='bbox 492 1189 557 1257; x_wconf 85' lang='lat' dir='ltr'><strong>fine</strong></span> <span class='ocrx_word' id='word_1_51' title='bbox 579 1191 686 1258; x_wconf 89' lang='lat' dir='ltr'><strong>visum</strong></span> <span class='ocrx_word' id='word_1_52' title='bbox 704 1189 839 1258; x_wconf 86' lang='lat' dir='ltr'><strong>candor.</strong></span> <span class='ocrx_word' id='word_1_53' title='bbox 869 1194 949 1262; x_wconf 84' lang='lat' dir='ltr'><strong>Haec</strong></span> <span class='ocrx_word' id='word_1_54' title='bbox 970 1192 1204 1264; x_wconf 55' lang='lat' dir='ltr'><strong>coloris‘vitia:</strong></span> 
     </span>
    </p>

    <p class='ocr_par' dir='ltr' id='par_1_5' title="bbox 55 1282 1299 2450">
     <span class='ocr_line' id='line_1_9' title="bbox 55 1282 1255 1392; baseline 0.004 -28"><span class='ocrx_word' id='word_1_55' title='bbox 55 1335 59 1344; x_wconf 93' lang='lat'><em>·</em></span> <span class='ocrx_word' id='word_1_56' title='bbox 137 1297 194 1367; x_wconf 92' lang='lat' dir='ltr'><strong>illa</strong></span> <span class='ocrx_word' id='word_1_57' title='bbox 207 1282 385 1390; x_wconf 71' lang='lat' dir='ltr'><strong>corporis⁶,</strong></span> <span class='ocrx_word' id='word_1_58' title='bbox 393 1292 658 1389; x_wconf 82' lang='lat' dir='ltr'><strong>capillamentum</strong></span> <span class='ocrx_word' id='word_1_59' title='bbox 667 1347 677 1378; x_wconf 94' lang='lat'><strong>,</strong></span> <span class='ocrx_word' id='word_1_60' title='bbox 686 1295 749 1378; x_wconf 90' lang='lat' dir='ltr'><strong>sal,</strong></span> <span class='ocrx_word' id='word_1_61' title='bbox 761 1295 949 1392; x_wconf 77' lang='lat' dir='ltr'>plumbago.</span> <span class='ocrx_word' id='word_1_62' title='bbox 964 1299 1013 1367; x_wconf 80' lang='lat' dir='ltr'><strong>Ab</strong></span> <span class='ocrx_word' id='word_1_63' title='bbox 1027 1301 1066 1368; x_wconf 89' lang='lat' dir='ltr'><strong>iis</strong></span> <span class='ocrx_word' id='word_1_64' title='bbox 1077 1301 1203 1370; x_wconf 87' lang='lat' dir='ltr'><strong>AEthio·</strong></span> <span class='ocrx_word' id='word_1_65' title='bbox 1252 1325 1255 1332; x_wconf 91' lang='lat'>·</span> 
     </span>
     <span class='ocr_line' id='line_1_10' title="bbox 136 1399 1208 1500; baseline 0.004 -28"><span class='ocrx_word' id='word_1_66' title='bbox 136 1405 206 1498; x_wconf 89' lang='lat' dir='ltr'><strong>pici</strong></span> <span class='ocrx_word' id='word_1_67' title='bbox 221 1402 402 1500; x_wconf 77' lang='lat' dir='ltr'><strong>laudantur</strong></span> <span class='ocrx_word' id='word_1_68' title='bbox 419 1425 440 1468; x_wconf 89' lang='lat' dir='ltr'><strong>a</strong></span> <span class='ocrx_word' id='word_1_69' title='bbox 463 1403 573 1494; x_wconf 88' lang='lat' dir='ltr'><strong>Copto</strong></span> <span class='ocrx_word' id='word_1_70' title='bbox 599 1399 726 1484; x_wconf 61' lang='lat' dir='ltr'><strong>dimam</strong></span> <span class='ocrx_word' id='word_1_71' title='bbox 752 1403 851 1470; x_wconf 88' lang='lat' dir='ltr'><strong>trium</strong></span> <span class='ocrx_word' id='word_1_72' title='bbox 874 1404 1008 1491; x_wconf 87' lang='lat' dir='ltr'><strong>itinere,</strong></span> <span class='ocrx_word' id='word_1_73' title='bbox 1031 1420 1068 1473; x_wconf 93' lang='lat' dir='ltr'><strong>ut</strong></span> <span class='ocrx_word' id='word_1_74' title='bbox 1091 1421 1208 1476; x_wconf 82' lang='lat' dir='ltr'><strong>auctor</strong></span> 
     </span>
     <span class='ocr_line' id='line_1_11' title="bbox 137 1505 1207 1604; baseline 0.004 -27"><span class='ocrx_word' id='word_1_75' title='bbox 137 1525 190 1578; x_wconf 80' lang='lat' dir='ltr'><strong>est</strong></span> <span class='ocrx_word' id='word_1_76' title='bbox 208 1511 315 1592; x_wconf 89' lang='lat' dir='ltr'><strong>Juba,</strong></span> <span class='ocrx_word' id='word_1_77' title='bbox 341 1509 461 1577; x_wconf 88' lang='lat' dir='ltr'><strong>acriter</strong></span> <span class='ocrx_word' id='word_1_78' title='bbox 480 1505 603 1575; x_wconf 85' lang='lat' dir='ltr'><strong>virides</strong></span> <span class='ocrx_word' id='word_1_79' title='bbox 611 1507 635 1594; x_wconf 86' lang='lat'><strong>⁷,</strong></span> <span class='ocrx_word' id='word_1_80' title='bbox 666 1507 723 1598; x_wconf 87' lang='lat' dir='ltr'><strong>sed</strong></span> <span class='ocrx_word' id='word_1_81' title='bbox 742 1532 811 1575; x_wconf 90' lang='lat' dir='ltr'><strong>non</strong></span> <span class='ocrx_word' id='word_1_82' title='bbox 829 1507 925 1578; x_wconf 88' lang='lat' dir='ltr'><strong>saeile</strong></span> <span class='ocrx_word' id='word_1_83' title='bbox 945 1511 1020 1604; x_wconf 91' lang='lat' dir='ltr'><strong>puri</strong></span> <span class='ocrx_word' id='word_1_84' title='bbox 1040 1526 1098 1581; x_wconf 92' lang='lat' dir='ltr'><strong>aut</strong></span> <span class='ocrx_word' id='word_1_85' title='bbox 1123 1535 1207 1581; x_wconf 90' lang='lat' dir='ltr'><strong>con·</strong></span> 
     </span>
     <span class='ocr_line' id='line_1_12' title="bbox 137 1604 1206 1711; baseline 0.004 -27"><span class='ocrx_word' id='word_1_86' title='bbox 137 1613 277 1684; x_wconf 89' lang='lat' dir='ltr'><strong>colores.</strong></span> <span class='ocrx_word' id='word_1_87' title='bbox 306 1614 517 1711; x_wconf 83' lang='lat' dir='ltr'><strong>Democritus</strong></span> <span class='ocrx_word' id='word_1_88' title='bbox 543 1611 665 1684; x_wconf 86' lang='lat' dir='ltr'><strong>inboc</strong></span> <span class='ocrx_word' id='word_1_89' title='bbox 689 1637 810 1706; x_wconf 81' lang='lat' dir='ltr'><strong>genere</strong></span> <span class='ocrx_word' id='word_1_90' title='bbox 835 1616 931 1708; x_wconf 92' lang='lat' dir='ltr'><strong>ponit</strong></span> <span class='ocrx_word' id='word_1_91' title='bbox 950 1604 1146 1705; x_wconf 81' lang='lat' dir='ltr'><strong>Hermeos⁸,</strong></span> <span class='ocrx_word' id='word_1_92' title='bbox 1172 1633 1206 1688; x_wconf 90' lang='lat' dir='ltr'><strong>et</strong></span> 
     </span>
     <span class='ocr_line' id='line_1_13' title="bbox 137 1718 1208 1794; baseline -0.001 0"><span class='ocrx_word' id='word_1_93' title='bbox 137 1722 311 1794; x_wconf 88' lang='lat' dir='ltr'><strong>Persicos:</strong></span> <span class='ocrx_word' id='word_1_94' title='bbox 331 1718 408 1788; x_wconf 88' lang='lat' dir='ltr'><strong>illos.</strong></span> <span class='ocrx_word' id='word_1_95' title='bbox 421 1733 704 1788; x_wconf 82' lang='lat' dir='ltr'><strong>extumescentes:</strong></span> <span class='ocrx_word' id='word_1_96' title='bbox 724 1721 872 1789; x_wconf 88' lang='lat' dir='ltr'><strong>Persicos</strong></span> <span class='ocrx_word' id='word_1_97' title='bbox 889 1745 969 1792; x_wconf 88' lang='lat' dir='ltr'><strong>vero</strong></span> <span class='ocrx_word' id='word_1_98' title='bbox 986 1747 1053 1790; x_wconf 93' lang='lat' dir='ltr'><strong>non</strong></span> <span class='ocrx_word' id='word_1_99' title='bbox 1069 1723 1208 1793; x_wconf 87' lang='lat' dir='ltr'><strong>translu-</strong></span> 
     </span>
     <span class='ocr_line' id='line_1_14' title="bbox 138 1816 1227 1921; baseline 0.005 -25"><span class='ocrx_word' id='word_1_100' title='bbox 138 1827 250 1911; x_wconf 91' lang='lat' dir='ltr'><strong>cidos,</strong></span> <span class='ocrx_word' id='word_1_101' title='bbox 267 1826 322 1894; x_wconf 88' lang='lat' dir='ltr'><strong>sed</strong></span> <span class='ocrx_word' id='word_1_102' title='bbox 338 1824 479 1918; x_wconf 86' lang='lat' dir='ltr'><strong>jucundi</strong></span> <span class='ocrx_word' id='word_1_103' title='bbox 497 1825 637 1910; x_wconf 91' lang='lat' dir='ltr'><strong>tenoris,</strong></span> <span class='ocrx_word' id='word_1_104' title='bbox 653 1816 759 1893; x_wconf 85' lang='lat' dir='ltr'><strong>visum</strong></span> <span class='ocrx_word' id='word_1_105' title='bbox 780 1824 935 1919; x_wconf 89' lang='lat' dir='ltr'><strong>implere,</strong></span> <span class='ocrx_word' id='word_1_106' title='bbox 952 1852 1051 1921; x_wconf 88' lang='lat' dir='ltr'><strong>quem</strong></span> <span class='ocrx_word' id='word_1_107' title='bbox 1068 1853 1136 1898; x_wconf 93' lang='lat' dir='ltr'><strong>non</strong></span> <span class='ocrx_word' id='word_1_108' title='bbox 1155 1828 1227 1904; x_wconf 87' lang='lat' dir='ltr'><strong>ad·.</strong></span> 
     </span>
     <span class='ocr_line' id='line_1_15' title="bbox 137 1930 1207 2030; baseline 0.004 -30"><span class='ocrx_word' id='word_1_109' title='bbox 137 1936 292 2017; x_wconf 89' lang='lat' dir='ltr'><strong>mittant,</strong></span> <span class='ocrx_word' id='word_1_110' title='bbox 315 1930 427 2000; x_wconf 86' lang='lat' dir='ltr'><strong>felium</strong></span> <span class='ocrx_word' id='word_1_111' title='bbox 450 1930 752 2024; x_wconf 83' lang='lat' dir='ltr'><strong>pantherarumque</strong></span> <span class='ocrx_word' id='word_1_112' title='bbox 772 1931 877 2028; x_wconf 88' lang='lat' dir='ltr'><strong>oeulis</strong></span> <span class='ocrx_word' id='word_1_113' title='bbox 901 1933 1043 2002; x_wconf 86' lang='lat' dir='ltr'><strong>similes:</strong></span> <span class='ocrx_word' id='word_1_114' title='bbox 1063 1959 1207 2030; x_wconf 87' lang='lat' dir='ltr'><strong>namque</strong></span> 
     </span>
     <span class='ocr_line' id='line_1_16' title="bbox 138 2037 1206 2131; baseline 0.002 -23"><span class='ocrx_word' id='word_1_115' title='bbox 138 2055 175 2108; x_wconf 90' lang='lat' dir='ltr'><strong>ct</strong></span> <span class='ocrx_word' id='word_1_116' title='bbox 188 2037 262 2107; x_wconf 91' lang='lat' dir='ltr'><strong>illos</strong></span> <span class='ocrx_word' id='word_1_117' title='bbox 277 2037 419 2120; x_wconf 88' lang='lat' dir='ltr'><strong>radiare,</strong></span> <span class='ocrx_word' id='word_1_118' title='bbox 435 2061 496 2105; x_wconf 87' lang='lat' dir='ltr'><strong>nec</strong></span> <span class='ocrx_word' id='word_1_119' title='bbox 513 2038 679 2131; x_wconf 87' lang='lat' dir='ltr'><strong>perspici:</strong></span> <span class='ocrx_word' id='word_1_120' title='bbox 700 2037 833 2106; x_wconf 87' lang='lat' dir='ltr'><strong>eosdem</strong></span> <span class='ocrx_word' id='word_1_121' title='bbox 855 2039 887 2105; x_wconf 93' lang='lat' dir='ltr'><strong>in</strong></span> <span class='ocrx_word' id='word_1_122' title='bbox 901 2037 969 2107; x_wconf 89' lang='lat' dir='ltr'><strong>sole</strong></span> <span class='ocrx_word' id='word_1_123' title='bbox 985 2040 1132 2109; x_wconf 87' lang='lat' dir='ltr'><strong>hebetari</strong></span> <span class='ocrx_word' id='word_1_124' title='bbox 1149 2067 1156 2110; x_wconf 93' lang='lat'><strong>:</strong></span> <span class='ocrx_word' id='word_1_125' title='bbox 1172 2044 1206 2110; x_wconf 92' lang='lat' dir='ltr'><strong>in</strong></span> 
     </span>
     <span class='ocr_line' id='line_1_17' title="bbox 140 2141 1205 2238; baseline 0.003 -25"><span class='ocrx_word' id='word_1_126' title='bbox 140 2145 258 2214; x_wconf 91' lang='lat' dir='ltr'><strong>umbra</strong></span> <span class='ocrx_word' id='word_1_127' title='bbox 281 2142 459 2236; x_wconf 84' lang='lat' dir='ltr'><strong>refulgere,</strong></span> <span class='ocrx_word' id='word_1_128' title='bbox 471 2157 511 2212; x_wconf 86' lang='lat' dir='ltr'><strong>et</strong></span> <span class='ocrx_word' id='word_1_129' title='bbox 531 2141 675 2238; x_wconf 79' lang='lat' dir='ltr'><strong>longius,</strong></span> <span class='ocrx_word' id='word_1_130' title='bbox 690 2143 790 2236; x_wconf 89' lang='lat' dir='ltr'><strong>quam</strong></span> <span class='ocrx_word' id='word_1_131' title='bbox 810 2157 968 2229; x_wconf 71' lang='lat' dir='ltr'><strong>caeteros,</strong></span> <span class='ocrx_word' id='word_1_132' title='bbox 989 2148 1101 2215; x_wconf 89' lang='lat' dir='ltr'><strong>nitere.</strong></span> <span class='ocrx_word' id='word_1_133' title='bbox 1122 2150 1205 2216; x_wconf 91' lang='lat' dir='ltr'><strong>Om-</strong></span> 
     </span>
     <span class='ocr_line' id='line_1_18' title="bbox 139 2248 1299 2342; baseline -0.001 -23"><span class='ocrx_word' id='word_1_134' title='bbox 139 2252 233 2320; x_wconf 84' lang='lat' dir='ltr'><strong>nium</strong></span> <span class='ocrx_word' id='word_1_135' title='bbox 256 2250 377 2318; x_wconf 90' lang='lat' dir='ltr'><strong>horum</strong></span> <span class='ocrx_word' id='word_1_136' title='bbox 403 2251 583 2318; x_wconf 84' lang='lat' dir='ltr'><strong>etiamnum</strong></span> <span class='ocrx_word' id='word_1_137' title='bbox 603 2250 736 2335; x_wconf 83' lang='lat' dir='ltr'><strong>vitium,</strong></span> <span class='ocrx_word' id='word_1_138' title='bbox 755 2248 845 2342; x_wconf 92' lang='lat' dir='ltr'><strong>quod</strong></span> <span class='ocrx_word' id='word_1_139' title='bbox 864 2249 947 2319; x_wconf 90' lang='lat' dir='ltr'><strong>fellis</strong></span> <span class='ocrx_word' id='word_1_140' title='bbox 970 2250 1130 2336; x_wconf 91' lang='lat' dir='ltr'><strong>colorem,</strong></span> <span class='ocrx_word' id='word_1_141' title='bbox 1149 2269 1207 2324; x_wconf 88' lang='lat' dir='ltr'><strong>aut</strong></span> <span class='ocrx_word' id='word_1_142' title='bbox 1295 2311 1299 2318; x_wconf 88' lang='lat'><strong>.</strong></span> 
     </span>
     <span class='ocr_line' id='line_1_19' title="bbox 138 2353 1205 2450; baseline 0.003 -25"><span class='ocrx_word' id='word_1_143' title='bbox 138 2357 213 2426; x_wconf 75' lang='lat' dir='ltr'><strong>aeris</strong></span> <span class='ocrx_word' id='word_1_144' title='bbox 230 2354 358 2424; x_wconf 86' lang='lat' dir='ltr'><strong>habet⁹.</strong></span> <span class='ocrx_word' id='word_1_145' title='bbox 378 2353 421 2423; x_wconf 87' lang='lat' dir='ltr'><strong>ln</strong></span> <span class='ocrx_word' id='word_1_146' title='bbox 442 2354 511 2424; x_wconf 89' lang='lat' dir='ltr'><strong>sole</strong></span> <span class='ocrx_word' id='word_1_147' title='bbox 532 2354 666 2424; x_wconf 90' lang='lat' dir='ltr'><strong>dilucidi</strong></span> <span class='ocrx_word' id='word_1_148' title='bbox 686 2354 819 2448; x_wconf 89' lang='lat' dir='ltr'><strong>quidem</strong></span> <span class='ocrx_word' id='word_1_149' title='bbox 842 2379 881 2424; x_wconf 88' lang='lat' dir='ltr'><strong>ae</strong></span> <span class='ocrx_word' id='word_1_150' title='bbox 901 2355 1030 2450; x_wconf 88' lang='lat' dir='ltr'><strong>liquidi,</strong></span> <span class='ocrx_word' id='word_1_151' title='bbox 1058 2359 1115 2428; x_wconf 90' lang='lat' dir='ltr'><strong>sed</strong></span> <span class='ocrx_word' id='word_1_152' title='bbox 1138 2385 1205 2428; x_wconf 93' lang='lat' dir='ltr'><strong>non</strong></span> 
     </span>
    </p>
   </div>
   <div class='ocr_carea' id='block_1_4' title="bbox 139 2591 1208 2756">
    <p class='ocr_par' dir='ltr' id='par_1_6' title="bbox 139 2591 1208 2756">
     <span class='ocr_line' id='line_1_20' title="bbox 182 2591 1205 2667; baseline 0.001 -18"><span class='ocrx_word' id='word_1_153' title='bbox 182 2598 210 2650; x_wconf 80' lang='lat'><strong>3.</strong></span> <span class='ocrx_word' id='word_1_154' title='bbox 220 2599 384 2667; x_wconf 79' lang='lat' dir='ltr'><strong>Quosaoeunt</strong></span> <span class='ocrx_word' id='word_1_155' title='bbox 392 2591 653 2657; x_wconf 75' lang='lat' dir='ltr'><strong>cnseablarbodeus,</strong></span> <span class='ocrx_word' id='word_1_156' title='bbox 696 2592 782 2663; x_wconf 88' lang='lat' dir='ltr'><strong>princ.</strong></span> <span class='ocrx_word' id='word_1_157' title='bbox 794 2592 879 2645; x_wconf 89' lang='lat' dir='ltr'><strong>Brott.</strong></span> <span class='ocrx_word' id='word_1_158' title='bbox 892 2594 1014 2666; x_wconf 71' lang='lat' dir='ltr'><strong>exltegg.</strong></span> <span class='ocrx_word' id='word_1_159' title='bbox 1032 2614 1063 2659; x_wconf 82' lang='lat' dir='ltr'><strong>a,</strong></span> <span class='ocrx_word' id='word_1_160' title='bbox 1077 2595 1112 2660; x_wconf 79' lang='grc'><strong>3,</strong></span> <span class='ocrx_word' id='word_1_161' title='bbox 1128 2597 1161 2662; x_wconf 80' lang='grc'><strong>5,</strong></span> <span class='ocrx_word' id='word_1_162' title='bbox 1175 2600 1205 2663; x_wconf 84' lang='grc'><strong>6,</strong></span> 
     </span>
     <span class='ocr_line' id='line_1_21' title="bbox 139 2670 1208 2756; baseline 0 -27"><span class='ocrx_word' id='word_1_163' title='bbox 139 2677 187 2729; x_wconf 91' lang='lat' dir='ltr'><strong>lib.</strong></span> <span class='ocrx_word' id='word_1_164' title='bbox 205 2676 239 2729; x_wconf 89' lang='lat' dir='ltr'><strong>de</strong></span> <span class='ocrx_word' id='word_1_165' title='bbox 253 2674 348 2747; x_wconf 83' lang='lat' dir='ltr'><strong>lapid.</strong></span> <span class='ocrx_word' id='word_1_166' title='bbox 372 2687 440 2745; x_wconf 88' lang='lat' dir='ltr'><strong>pret.</strong></span> <span class='ocrx_word' id='word_1_167' title='bbox 466 2674 494 2725; x_wconf 92' lang='lat' dir='ltr'><strong>in</strong></span> <span class='ocrx_word' id='word_1_168' title='bbox 520 2673 595 2745; x_wconf 76' lang='lat' dir='ltr'><strong>prnl.</strong></span> <span class='ocrx_word' id='word_1_169' title='bbox 618 2670 652 2725; x_wconf 88' lang='lat' dir='ltr'><strong>de</strong></span> <span class='ocrx_word' id='word_1_170' title='bbox 687 2673 817 2756; x_wconf 42' lang='lat' dir='ltr'><strong>,auarum</strong></span> <span class='ocrx_word' id='word_1_171' title='bbox 825 2672 907 2725; x_wconf 91' lang='lat' dir='ltr'><strong>Color</strong></span> <span class='ocrx_word' id='word_1_172' title='bbox 918 2685 1005 2726; x_wconf 84' lang='lat' dir='ltr'><strong>autern</strong></span> <span class='ocrx_word' id='word_1_173' title='bbox 1018 2672 1137 2729; x_wconf 85' lang='lat' dir='ltr'><strong>alacriter</strong></span> <span class='ocrx_word' id='word_1_174' title='bbox 1147 2676 1208 2729; x_wconf 85' lang='lat' dir='ltr'><strong>viri·</strong></span> 
     </span>
    </p>
   </div>
   <div class='ocr_carea' id='block_1_5' title="bbox 694 2749 1206 3129">
    <p class='ocr_par' dir='ltr' id='par_1_7' title="bbox 694 2749 1206 3129">
     <span class='ocr_line' id='line_1_22' title="bbox 696 2749 1184 2823; baseline 0.012 -20"><span class='ocrx_word' id='word_1_175' title='bbox 696 2749 739 2804; x_wconf 89' lang='lat' dir='ltr'><strong>dis</strong></span> <span class='ocrx_word' id='word_1_176' title='bbox 750 2752 829 2803; x_wconf 92' lang='lat' dir='ltr'><strong>nobis</strong></span> <span class='ocrx_word' id='word_1_177' title='bbox 840 2750 949 2816; x_wconf 88' lang='lat' dir='ltr'><strong>dieitur,</strong></span> <span class='ocrx_word' id='word_1_178' title='bbox 966 2754 987 2803; x_wconf 82' lang='lat' dir='ltr'><strong>le</strong></span> <span class='ocrx_word' id='word_1_179' title='bbox 1001 2758 1113 2823; x_wconf 77' lang='lat' dir='ltr'><strong>vert-gai.</strong></span> <span class='ocrx_word' id='word_1_180' title='bbox 1131 2756 1184 2809; x_wconf 84' lang='lat' dir='ltr'><strong>En.</strong></span> 
     </span>
     <span class='ocr_line' id='line_1_23' title="bbox 737 2830 1206 2889; baseline 0.015 -7"><span class='ocrx_word' id='word_1_181' title='bbox 737 2832 764 2885; x_wconf 89' lang='lat'><strong>8.</strong></span> <span class='ocrx_word' id='word_1_182' title='bbox 775 2830 899 2883; x_wconf 81' lang='lat' dir='ltr'><strong>Hermeos.</strong></span> <span class='ocrx_word' id='word_1_183' title='bbox 910 2831 954 2885; x_wconf 86' lang='lat' dir='ltr'><strong>Sic</strong></span> <span class='ocrx_word' id='word_1_184' title='bbox 965 2830 1046 2885; x_wconf 87' lang='lat' dir='ltr'><strong>iidem</strong></span> <span class='ocrx_word' id='word_1_185' title='bbox 1058 2834 1133 2887; x_wconf 84' lang='lat' dir='ltr'><strong>MSS.</strong></span> <span class='ocrx_word' id='word_1_186' title='bbox 1148 2854 1206 2889; x_wconf 90' lang='lat' dir='ltr'><strong>non</strong></span> 
     </span>
     <span class='ocr_line' id='line_1_24' title="bbox 697 2910 1206 2984; baseline 0.02 -24"><span class='ocrx_word' id='word_1_187' title='bbox 697 2910 844 2963; x_wconf 66' lang='lat' dir='ltr'><strong>nemum.</strong></span> <span class='ocrx_word' id='word_1_188' title='bbox 855 2911 903 2963; x_wconf 77' lang='lat' dir='ltr'><strong>¹Ab</strong></span> <span class='ocrx_word' id='word_1_189' title='bbox 916 2912 1024 2964; x_wconf 85' lang='lat' dir='ltr'><strong>Hermia</strong></span> <span class='ocrx_word' id='word_1_190' title='bbox 1039 2930 1119 2984; x_wconf 83' lang='lat' dir='ltr'><strong>supra</strong></span> <span class='ocrx_word' id='word_1_191' title='bbox 1134 2914 1206 2970; x_wconf 89' lang='lat' dir='ltr'><strong>dicto</strong></span> 
     </span>
     <span class='ocr_line' id='line_1_25' title="bbox 694 2989 1206 3047; baseline 0.012 -6"><span class='ocrx_word' id='word_1_192' title='bbox 694 2990 723 3041; x_wconf 83' lang='lat' dir='ltr'><strong>lsi</strong></span> <span class='ocrx_word' id='word_1_193' title='bbox 739 3008 837 3042; x_wconf 86' lang='lat' dir='ltr'><strong>nomen</strong></span> <span class='ocrx_word' id='word_1_194' title='bbox 851 2989 958 3044; x_wconf 83' lang='lat' dir='ltr'><strong>habent.</strong></span> <span class='ocrx_word' id='word_1_195' title='bbox 980 2990 1013 3043; x_wconf 82' lang='lat' dir='ltr'><strong>H.</strong></span> <span class='ocrx_word' id='word_1_196' title='bbox 1035 3024 1074 3035; x_wconf 85' lang='grc'>-</span> <span class='ocrx_word' id='word_1_197' title='bbox 1087 2994 1206 3047; x_wconf 70' lang='lat' dir='ltr'><strong>Extrane-</strong></span> 
     </span>
     <span class='ocr_line' id='line_1_26' title="bbox 695 3068 1205 3129; baseline 0.014 -8"><span class='ocrx_word' id='word_1_198' title='bbox 695 3082 793 3122; x_wconf 81' lang='lat' dir='ltr'><strong>seenres.</strong></span> <span class='ocrx_word' id='word_1_199' title='bbox 816 3068 901 3122; x_wconf 90' lang='lat' dir='ltr'><strong>Gron.</strong></span> <span class='ocrx_word' id='word_1_200' title='bbox 925 3080 952 3121; x_wconf 89' lang='lat' dir='ltr'><strong>et</strong></span> <span class='ocrx_word' id='word_1_201' title='bbox 974 3070 1016 3122; x_wconf 75' lang='lat' dir='ltr'><strong>Al.</strong></span> <span class='ocrx_word' id='word_1_202' title='bbox 1039 3070 1127 3125; x_wconf 73' lang='lat' dir='ltr'><strong>addita</strong></span> <span class='ocrx_word' id='word_1_203' title='bbox 1152 3093 1205 3129; x_wconf 85' lang='lat' dir='ltr'><strong>una</strong></span> 
     </span>
    </p>
   </div>
   <div class='ocr_carea' id='block_1_6' title="bbox 140 2753 652 2985">
    <p class='ocr_par' dir='ltr' id='par_1_8' title="bbox 140 2753 652 2985">
     <span class='ocr_line' id='line_1_27' title="bbox 140 2753 652 2827; baseline -0.01 -18"><span class='ocrx_word' id='word_1_204' title='bbox 140 2755 276 2827; x_wconf 72' lang='lat' dir='ltr'><strong>gemmis:</strong></span> <span class='ocrx_word' id='word_1_205' title='bbox 295 2782 305 2801; x_wconf 87' lang='lat'><em>·</em></span> <span class='ocrx_word' id='word_1_206' title='bbox 322 2756 389 2819; x_wconf 78' lang='lat' dir='ltr'><strong>Quae</strong></span> <span class='ocrx_word' id='word_1_207' title='bbox 405 2772 460 2805; x_wconf 90' lang='lat' dir='ltr'><strong>nou</strong></span> <span class='ocrx_word' id='word_1_208' title='bbox 474 2753 652 2817; x_wconf 81' lang='lat' dir='ltr'><strong>translucent,</strong></span> 
     </span>
     <span class='ocr_line' id='line_1_28' title="bbox 141 2832 593 2890; baseline -0.015 0"><span class='ocrx_word' id='word_1_209' title='bbox 141 2854 226 2890; x_wconf 78' lang='lat' dir='ltr'><strong>caecas</strong></span> <span class='ocrx_word' id='word_1_210' title='bbox 240 2836 350 2888; x_wconf 79' lang='lat' dir='ltr'><strong>voluere</strong></span> <span class='ocrx_word' id='word_1_211' title='bbox 361 2832 459 2885; x_wconf 74' lang='lat' dir='ltr'><strong>samri.</strong></span> <span class='ocrx_word' id='word_1_212' title='bbox 475 2858 487 2879; x_wconf 76' lang='grc' dir='ltr'><strong>ι</strong></span> <span class='ocrx_word' id='word_1_213' title='bbox 503 2832 593 2885; x_wconf 78' lang='lat' dir='ltr'><strong>Hann.</strong></span> 
     </span>
     <span class='ocr_line' id='line_1_29' title="bbox 183 2912 651 2985; baseline -0.006 -19"><span class='ocrx_word' id='word_1_214' title='bbox 183 2922 209 2979; x_wconf 70' lang='lat'><strong>4.</strong></span> <span class='ocrx_word' id='word_1_215' title='bbox 232 2916 332 2985; x_wconf 78' lang='lat' dir='ltr'><strong>Deque</strong></span> <span class='ocrx_word' id='word_1_216' title='bbox 345 2912 457 2965; x_wconf 71' lang='lat' dir='ltr'><strong>disisam.</strong></span> <span class='ocrx_word' id='word_1_217' title='bbox 476 2912 561 2965; x_wconf 81' lang='lat' dir='ltr'><strong>Paulo</strong></span> <span class='ocrx_word' id='word_1_218' title='bbox 575 2923 651 2972; x_wconf 83' lang='lat' dir='ltr'><strong>ante,</strong></span> 
     </span>
    </p>
   </div>
   <div class='ocr_carea' id='block_1_7' title="bbox 138 2992 610 3140">
    <p class='ocr_par' dir='ltr' id='par_1_9' title="bbox 138 2992 610 3140">
     <span class='ocr_line' id='line_1_30' title="bbox 138 2992 470 3066; baseline -0.012 -19"><span class='ocrx_word' id='word_1_219' title='bbox 138 3014 171 3048; x_wconf 86' lang='lat' dir='ltr'><strong>ae</strong></span> <span class='ocrx_word' id='word_1_220' title='bbox 184 2995 263 3066; x_wconf 87' lang='lat' dir='ltr'><strong>plane</strong></span> <span class='ocrx_word' id='word_1_221' title='bbox 274 2992 365 3046; x_wconf 88' lang='lat' dir='ltr'><strong>modo.</strong></span> <span class='ocrx_word' id='word_1_222' title='bbox 378 2993 470 3044; x_wconf 79' lang='lat' dir='ltr'><strong>llsan.</strong></span> 
     </span>
     <span class='ocr_line' id='line_1_31' title="bbox 184 3068 610 3140; baseline -0.009 -13"><span class='ocrx_word' id='word_1_223' title='bbox 184 3075 211 3128; x_wconf 82' lang='lat'><strong>⁵.</strong></span> <span class='ocrx_word' id='word_1_224' title='bbox 234 3074 380 3125; x_wconf 80' lang='lat' dir='ltr'><strong>Albicaatis.</strong></span> <span class='ocrx_word' id='word_1_225' title='bbox 405 3068 551 3140; x_wconf 69' lang='lat' dir='ltr'><strong>Smaragdi.</strong></span> <span class='ocrx_word' id='word_1_226' title='bbox 577 3070 610 3123; x_wconf 86' lang='lat' dir='ltr'><strong>ll.</strong></span> 
     </span>
    </p>
   </div>
   <div class='ocr_carea' id='block_1_8' title="bbox 112 3151 665 4239">
    <p class='ocr_par' dir='ltr' id='par_1_10' title="bbox 141 3151 655 3937">
     <span class='ocr_line' id='line_1_32' title="bbox 181 3151 651 3222; baseline -0.013 -15"><span class='ocrx_word' id='word_1_227' title='bbox 181 3160 208 3207; x_wconf 82' lang='lat'><strong>6.</strong></span> <span class='ocrx_word' id='word_1_228' title='bbox 221 3154 271 3206; x_wconf 76' lang='lat' dir='ltr'><strong>leta</strong></span> <span class='ocrx_word' id='word_1_229' title='bbox 281 3156 393 3222; x_wconf 75' lang='lat' dir='ltr'><strong>corporis.</strong></span> <span class='ocrx_word' id='word_1_230' title='bbox 408 3151 594 3221; x_wconf 85' lang='lat' dir='ltr'><strong>Solinus,cap.</strong></span> <span class='ocrx_word' id='word_1_231' title='bbox 605 3168 651 3211; x_wconf 71' lang='lat' dir='ltr'><strong>xa,</strong></span> 
     </span>
     <span class='ocr_line' id='line_1_33' title="bbox 144 3228 651 3305; baseline -0.012 -19"><span class='ocrx_word' id='word_1_232' title='bbox 144 3253 205 3305; x_wconf 78' lang='lat' dir='ltr'><strong>pag.</strong></span> <span class='ocrx_word' id='word_1_233' title='bbox 222 3234 275 3297; x_wconf 78' lang='lat'><strong>36,</strong></span> <span class='ocrx_word' id='word_1_234' title='bbox 294 3231 328 3284; x_wconf 92' lang='lat' dir='ltr'><strong>de</strong></span> <span class='ocrx_word' id='word_1_235' title='bbox 342 3228 505 3300; x_wconf 72' lang='lat' dir='ltr'><strong>smaragdis:</strong></span> <span class='ocrx_word' id='word_1_236' title='bbox 526 3254 537 3276; x_wconf 81' lang='grc' dir='ltr'>ι</span> <span class='ocrx_word' id='word_1_237' title='bbox 551 3228 651 3282; x_wconf 85' lang='lat' dir='ltr'><strong>Vitiosi</strong></span> 
     </span>
     <span class='ocr_line' id='line_1_34' title="bbox 141 3307 653 3380; baseline -0.008 -15"><span class='ocrx_word' id='word_1_238' title='bbox 141 3327 236 3367; x_wconf 80' lang='lat' dir='ltr'><strong>eorum</strong></span> <span class='ocrx_word' id='word_1_239' title='bbox 252 3312 407 3365; x_wconf 82' lang='lat' dir='ltr'><strong>intrinsecus</strong></span> <span class='ocrx_word' id='word_1_240' title='bbox 420 3307 547 3380; x_wconf 83' lang='lat' dir='ltr'><strong>quasdam</strong></span> <span class='ocrx_word' id='word_1_241' title='bbox 562 3307 653 3362; x_wconf 87' lang='lat' dir='ltr'><strong>sordes</strong></span> 
     </span>
     <span class='ocr_line' id='line_1_35' title="bbox 141 3388 653 3460; baseline -0.01 -14"><span class='ocrx_word' id='word_1_242' title='bbox 141 3394 259 3455; x_wconf 83' lang='lat' dir='ltr'><strong>babent,</strong></span> <span class='ocrx_word' id='word_1_243' title='bbox 273 3392 314 3444; x_wconf 88' lang='lat' dir='ltr'><strong>sel</strong></span> <span class='ocrx_word' id='word_1_244' title='bbox 335 3390 470 3460; x_wconf 74' lang='lat' dir='ltr'><strong>plumbo,</strong></span> <span class='ocrx_word' id='word_1_245' title='bbox 480 3388 522 3441; x_wconf 81' lang='lat' dir='ltr'><strong>vel</strong></span> <span class='ocrx_word' id='word_1_246' title='bbox 545 3389 653 3459; x_wconf 76' lang='lat' dir='ltr'><strong>capilla-</strong></span> 
     </span>
     <span class='ocr_line' id='line_1_36' title="bbox 143 3467 647 3534; baseline -0.02 -9"><span class='ocrx_word' id='word_1_247' title='bbox 143 3472 255 3534; x_wconf 86' lang='lat' dir='ltr'><strong>mentis,</strong></span> <span class='ocrx_word' id='word_1_248' title='bbox 273 3471 315 3524; x_wconf 81' lang='lat' dir='ltr'><strong>vel</strong></span> <span class='ocrx_word' id='word_1_249' title='bbox 338 3469 417 3521; x_wconf 85' lang='lat' dir='ltr'><strong>etiam</strong></span> <span class='ocrx_word' id='word_1_250' title='bbox 437 3467 485 3520; x_wconf 89' lang='lat' dir='ltr'><strong>sali</strong></span> <span class='ocrx_word' id='word_1_251' title='bbox 506 3468 618 3531; x_wconf 88' lang='lat' dir='ltr'><strong>similes,</strong></span> <span class='ocrx_word' id='word_1_252' title='bbox 637 3493 647 3515; x_wconf 65' lang='lat' dir='ltr'>n</span> 
     </span>
     <span class='ocr_line' id='line_1_37' title="bbox 141 3547 652 3620; baseline -0.01 -16"><span class='ocrx_word' id='word_1_253' title='bbox 141 3553 195 3604; x_wconf 88' lang='lat' dir='ltr'><strong>hoc</strong></span> <span class='ocrx_word' id='word_1_254' title='bbox 205 3563 259 3612; x_wconf 81' lang='lat' dir='ltr'><strong>est.</strong></span> <span class='ocrx_word' id='word_1_255' title='bbox 272 3569 355 3620; x_wconf 76' lang='lat' dir='ltr'><strong>grano</strong></span> <span class='ocrx_word' id='word_1_256' title='bbox 369 3548 444 3610; x_wconf 81' lang='lat' dir='ltr'><strong>salis,</strong></span> <span class='ocrx_word' id='word_1_257' title='bbox 457 3547 512 3598; x_wconf 83' lang='lat' dir='ltr'><strong>sire</strong></span> <span class='ocrx_word' id='word_1_258' title='bbox 522 3566 652 3610; x_wconf 80' lang='lat' dir='ltr'><strong>verrucae,</strong></span> 
     </span>
     <span class='ocr_line' id='line_1_38' title="bbox 142 3626 653 3697; baseline -0.01 -14"><span class='ocrx_word' id='word_1_259' title='bbox 142 3644 173 3683; x_wconf 85' lang='lat' dir='ltr'><strong>ut</strong></span> <span class='ocrx_word' id='word_1_260' title='bbox 191 3629 292 3682; x_wconf 84' lang='lat' dir='ltr'><strong>dictum</strong></span> <span class='ocrx_word' id='word_1_261' title='bbox 305 3640 390 3681; x_wconf 77' lang='lat' dir='ltr'><strong>antea.</strong></span> <span class='ocrx_word' id='word_1_262' title='bbox 402 3629 443 3678; x_wconf 88' lang='lat' dir='ltr'><strong>De</strong></span> <span class='ocrx_word' id='word_1_263' title='bbox 456 3626 583 3697; x_wconf 87' lang='lat' dir='ltr'><strong>plumbo,</strong></span> <span class='ocrx_word' id='word_1_264' title='bbox 598 3627 653 3679; x_wconf 77' lang='lat' dir='ltr'><strong>sive</strong></span> 
     </span>
     <span class='ocr_line' id='line_1_39' title="bbox 141 3703 653 3780; baseline -0.01 -18"><span class='ocrx_word' id='word_1_265' title='bbox 141 3708 330 3780; x_wconf 74' lang='lat' dir='ltr'><strong>plumbagine,</strong></span> <span class='ocrx_word' id='word_1_266' title='bbox 351 3708 407 3778; x_wconf 90' lang='lat' dir='ltr'><strong>ipse</strong></span> <span class='ocrx_word' id='word_1_267' title='bbox 428 3723 498 3758; x_wconf 86' lang='lat' dir='ltr'><strong>mox.</strong></span> <span class='ocrx_word' id='word_1_268' title='bbox 519 3703 653 3769; x_wconf 88' lang='lat' dir='ltr'><strong>Isidorus,</strong></span> 
     </span>
     <span class='ocr_line' id='line_1_40' title="bbox 142 3786 653 3858; baseline -0.01 -16"><span class='ocrx_word' id='word_1_269' title='bbox 142 3790 219 3858; x_wconf 77' lang='lat' dir='ltr'><strong>Orig.</strong></span> <span class='ocrx_word' id='word_1_270' title='bbox 226 3787 273 3840; x_wconf 89' lang='lat' dir='ltr'><strong>lib.</strong></span> <span class='ocrx_word' id='word_1_271' title='bbox 288 3788 369 3850; x_wconf 84' lang='lat' dir='ltr'><strong>xvl,</strong></span> <span class='ocrx_word' id='word_1_272' title='bbox 379 3804 436 3857; x_wconf 86' lang='lat' dir='ltr'><strong>cap.</strong></span> <span class='ocrx_word' id='word_1_273' title='bbox 445 3786 551 3855; x_wconf 83' lang='lat' dir='ltr'><strong>7‚bunc</strong></span> <span class='ocrx_word' id='word_1_274' title='bbox 564 3787 653 3839; x_wconf 88' lang='lat' dir='ltr'><strong>locum</strong></span> 
     </span>
     <span class='ocr_line' id='line_1_41' title="bbox 142 3862 655 3937; baseline -0.008 -16"><span class='ocrx_word' id='word_1_275' title='bbox 142 3868 310 3928; x_wconf 74' lang='lat' dir='ltr'><strong>exscribens,</strong></span> <span class='ocrx_word' id='word_1_276' title='bbox 326 3867 495 3937; x_wconf 76' lang='lat' dir='ltr'><strong>lapillamentis</strong></span> <span class='ocrx_word' id='word_1_277' title='bbox 509 3862 655 3929; x_wconf 86' lang='lat' dir='ltr'><strong>mendose,</strong></span> 
     </span>
    </p>

    <p class='ocr_par' dir='ltr' id='par_1_11' title="bbox 112 3945 665 4239">
     <span class='ocr_line' id='line_1_42' title="bbox 142 3945 575 4020; baseline -0.007 -20"><span class='ocrx_word' id='word_1_278' title='bbox 142 3967 194 4020; x_wconf 93' lang='lat' dir='ltr'><strong>pro</strong></span> <span class='ocrx_word' id='word_1_279' title='bbox 207 3947 402 4017; x_wconf 83' lang='lat' dir='ltr'><strong>capillamentis</strong></span> <span class='ocrx_word' id='word_1_280' title='bbox 424 3945 521 4015; x_wconf 86' lang='lat' dir='ltr'><strong>posuit.</strong></span> <span class='ocrx_word' id='word_1_281' title='bbox 538 3945 575 3997; x_wconf 87' lang='lat' dir='ltr'><strong>H.</strong></span> 
     </span>
     <span class='ocr_line' id='line_1_43' title="bbox 112 4021 653 4096; baseline -0.009 -16"><span class='ocrx_word' id='word_1_282' title='bbox 112 4021 116 4027; x_wconf 44' lang='lat'>⁵</span> <span class='ocrx_word' id='word_1_283' title='bbox 184 4046 213 4096; x_wconf 89' lang='lat'><strong>7.</strong></span> <span class='ocrx_word' id='word_1_284' title='bbox 228 4029 328 4079; x_wconf 70' lang='lat' dir='ltr'><strong>Acriter</strong></span> <span class='ocrx_word' id='word_1_285' title='bbox 340 4025 438 4077; x_wconf 62' lang='lat' dir='ltr'><strong>naides.</strong></span> <span class='ocrx_word' id='word_1_286' title='bbox 454 4024 530 4076; x_wconf 76' lang='lat' dir='ltr'><strong>MSS.</strong></span> <span class='ocrx_word' id='word_1_287' title='bbox 548 4041 653 4089; x_wconf 86' lang='lat' dir='ltr'><strong>omues,</strong></span> 
     </span>
     <span class='ocr_line' id='line_1_44' title="bbox 143 4103 665 4173; baseline -0.01 -15"><span class='ocrx_word' id='word_1_288' title='bbox 143 4110 259 4158; x_wconf 81' lang='lat' dir='ltr'><strong>alacriter</strong></span> <span class='ocrx_word' id='word_1_289' title='bbox 270 4107 370 4158; x_wconf 67' lang='lat' dir='ltr'><strong>virides.</strong></span> <span class='ocrx_word' id='word_1_290' title='bbox 389 4106 454 4173; x_wconf 83' lang='lat' dir='ltr'><strong>Reg.</strong></span> <span class='ocrx_word' id='word_1_291' title='bbox 470 4125 503 4167; x_wconf 81' lang='lat' dir='ltr'><strong>a,</strong></span> <span class='ocrx_word' id='word_1_292' title='bbox 520 4104 598 4155; x_wconf 89' lang='lat' dir='ltr'><strong>Colb.</strong></span> <span class='ocrx_word' id='word_1_293' title='bbox 619 4103 665 4165; x_wconf 61' lang='grc'><strong>3,1</strong></span> 
     </span>
     <span class='ocr_line' id='line_1_45' title="bbox 144 4180 655 4239; baseline -0.01 0"><span class='ocrx_word' id='word_1_294' title='bbox 144 4186 211 4239; x_wconf 77' lang='lat' dir='ltr'><strong>Fur.</strong></span> <span class='ocrx_word' id='word_1_295' title='bbox 226 4184 321 4237; x_wconf 80' lang='lat' dir='ltr'><strong>alii.ll.</strong></span> <span class='ocrx_word' id='word_1_296' title='bbox 332 4217 370 4227; x_wconf 94' lang='lat'><em>-</em></span> <span class='ocrx_word' id='word_1_297' title='bbox 382 4185 486 4236; x_wconf 81' lang='lat' dir='ltr'><strong>Acriter.</strong></span> <span class='ocrx_word' id='word_1_298' title='bbox 500 4184 543 4235; x_wconf 87' lang='lat' dir='ltr'><strong>Sic</strong></span> <span class='ocrx_word' id='word_1_299' title='bbox 553 4196 579 4234; x_wconf 81' lang='lat' dir='ltr'><strong>et</strong></span> <span class='ocrx_word' id='word_1_300' title='bbox 590 4180 655 4234; x_wconf 82' lang='lat' dir='ltr'><strong>edit.</strong></span> 
     </span>
    </p>
   </div>
   <div class='ocr_carea' id='block_1_9' title="bbox 218 4283 283 4352">
    <p class='ocr_par' dir='ltr' id='par_1_12' title="bbox 218 4283 283 4352">
     <span class='ocr_line' id='line_1_46' title="bbox 218 4283 283 4352; baseline -0.046 0"><span class='ocrx_word' id='word_1_301' title='bbox 218 4283 283 4352; x_wconf 87' lang='lat' dir='ltr'><strong>IX.</strong></span> 
     </span>
    </p>
   </div>
   <div class='ocr_carea' id='block_1_10' title="bbox 695 3153 1247 4251">
    <p class='ocr_par' dir='ltr' id='par_1_13' title="bbox 695 3153 1125 3218">
     <span class='ocr_line' id='line_1_47' title="bbox 695 3153 1125 3218; baseline 0.007 -17"><span class='ocrx_word' id='word_1_302' title='bbox 695 3167 776 3214; x_wconf 82' lang='lat' dir='ltr'><strong>voce,</strong></span> <span class='ocrx_word' id='word_1_303' title='bbox 793 3161 918 3201; x_wconf 79' lang='lat' dir='ltr'><strong>eatamese.</strong></span> <span class='ocrx_word' id='word_1_304' title='bbox 926 3153 1059 3218; x_wconf 68' lang='lat' dir='ltr'><strong>pinguiter.</strong></span> <span class='ocrx_word' id='word_1_305' title='bbox 1072 3154 1125 3205; x_wconf 87' lang='lat' dir='ltr'><strong>En.</strong></span> 
     </span>
    </p>

    <p class='ocr_par' dir='ltr' id='par_1_14' title="bbox 695 3228 1247 4251">
     <span class='ocr_line' id='line_1_48' title="bbox 735 3228 1206 3297; baseline 0.015 -19"><span class='ocrx_word' id='word_1_306' title='bbox 735 3248 762 3297; x_wconf 83' lang='lat'><strong>9.</strong></span> <span class='ocrx_word' id='word_1_307' title='bbox 772 3228 848 3295; x_wconf 82' lang='lat' dir='ltr'><strong>Quod</strong></span> <span class='ocrx_word' id='word_1_308' title='bbox 847 3230 916 3297; x_wconf 74' lang='lat' dir='ltr'><strong>fillis</strong></span> <span class='ocrx_word' id='word_1_309' title='bbox 923 3228 1031 3287; x_wconf 76' lang='lat' dir='ltr'><strong>colomna,</strong></span> <span class='ocrx_word' id='word_1_310' title='bbox 1042 3242 1086 3283; x_wconf 84' lang='lat' dir='ltr'><strong>aut</strong></span> <span class='ocrx_word' id='word_1_311' title='bbox 1095 3237 1151 3283; x_wconf 84' lang='lat' dir='ltr'><strong>oerr&#39;s</strong></span> <span class='ocrx_word' id='word_1_312' title='bbox 1162 3234 1206 3285; x_wconf 80' lang='lat' dir='ltr'><strong>lin-</strong></span> 
     </span>
     <span class='ocr_line' id='line_1_49' title="bbox 697 3306 1205 3377; baseline 0.014 -20"><span class='ocrx_word' id='word_1_313' title='bbox 697 3306 744 3359; x_wconf 82' lang='lat' dir='ltr'><strong>det.</strong></span> <span class='ocrx_word' id='word_1_314' title='bbox 756 3307 984 3377; x_wconf 83' lang='lat' dir='ltr'><strong>Priuslegebatur,</strong></span> <span class='ocrx_word' id='word_1_315' title='bbox 994 3314 1115 3362; x_wconf 80' lang='lat' dir='ltr'><strong>antaers&#39;s.</strong></span> <span class='ocrx_word' id='word_1_316' title='bbox 1128 3311 1205 3366; x_wconf 77' lang='lat' dir='ltr'><strong>MSS.</strong></span> 
     </span>
     <span class='ocr_line' id='line_1_50' title="bbox 696 3386 1206 3456; baseline 0.01 -18"><span class='ocrx_word' id='word_1_317' title='bbox 696 3388 759 3456; x_wconf 74' lang='lat' dir='ltr'><strong>neg.</strong></span> <span class='ocrx_word' id='word_1_318' title='bbox 780 3406 811 3449; x_wconf 86' lang='lat' dir='ltr'><strong>a,</strong></span> <span class='ocrx_word' id='word_1_319' title='bbox 827 3388 905 3440; x_wconf 92' lang='lat' dir='ltr'><strong>Colb.</strong></span> <span class='ocrx_word' id='word_1_320' title='bbox 921 3386 958 3450; x_wconf 62' lang='lat'><strong>3²,</strong></span> <span class='ocrx_word' id='word_1_321' title='bbox 981 3388 1046 3441; x_wconf 83' lang='lat' dir='ltr'><strong>Fax.</strong></span> <span class='ocrx_word' id='word_1_322' title='bbox 1061 3391 1122 3455; x_wconf 88' lang='lat' dir='ltr'><strong>alii,</strong></span> <span class='ocrx_word' id='word_1_323' title='bbox 1143 3397 1206 3445; x_wconf 80' lang='lat' dir='ltr'><strong>acris</strong></span> 
     </span>
     <span class='ocr_line' id='line_1_51' title="bbox 696 3466 1205 3531; baseline 0.016 -14"><span class='ocrx_word' id='word_1_324' title='bbox 696 3468 744 3517; x_wconf 84' lang='lat' dir='ltr'><strong>olei</strong></span> <span class='ocrx_word' id='word_1_325' title='bbox 777 3467 916 3531; x_wconf 84' lang='lat' dir='ltr'><strong>exhibent,</strong></span> <span class='ocrx_word' id='word_1_326' title='bbox 952 3466 1033 3520; x_wconf 82' lang='lat' dir='ltr'><strong>cretio</strong></span> <span class='ocrx_word' id='word_1_327' title='bbox 1068 3470 1205 3525; x_wconf 78' lang='lat' dir='ltr'><strong>mendose.</strong></span> 
     </span>
     <span class='ocr_line' id='line_1_52' title="bbox 697 3546 1206 3603; baseline 0.01 -7"><span class='ocrx_word' id='word_1_328' title='bbox 697 3546 766 3597; x_wconf 83' lang='lat' dir='ltr'><strong>AEris</strong></span> <span class='ocrx_word' id='word_1_329' title='bbox 787 3558 858 3597; x_wconf 83' lang='lat' dir='ltr'><strong>certe</strong></span> <span class='ocrx_word' id='word_1_330' title='bbox 878 3547 950 3598; x_wconf 87' lang='lat' dir='ltr'><strong>colos</strong></span> <span class='ocrx_word' id='word_1_331' title='bbox 971 3547 1041 3600; x_wconf 82' lang='lat' dir='ltr'><strong>fellis</strong></span> <span class='ocrx_word' id='word_1_332' title='bbox 1056 3562 1096 3601; x_wconf 86' lang='lat' dir='ltr'><strong>est</strong></span> <span class='ocrx_word' id='word_1_333' title='bbox 1121 3551 1206 3603; x_wconf 88' lang='lat' dir='ltr'><strong>colori</strong></span> 
     </span>
     <span class='ocr_line' id='line_1_53' title="bbox 695 3624 1206 3691; baseline 0.01 -14"><span class='ocrx_word' id='word_1_334' title='bbox 695 3625 792 3678; x_wconf 80' lang='lat' dir='ltr'><strong>affinis.</strong></span> <span class='ocrx_word' id='word_1_335' title='bbox 808 3626 841 3678; x_wconf 89' lang='lat' dir='ltr'><strong>Et</strong></span> <span class='ocrx_word' id='word_1_336' title='bbox 854 3624 1029 3691; x_wconf 74' lang='lat' dir='ltr'><strong>Morbodeus,</strong></span> <span class='ocrx_word' id='word_1_337' title='bbox 1050 3628 1096 3680; x_wconf 92' lang='lat' dir='ltr'><strong>lib.</strong></span> <span class='ocrx_word' id='word_1_338' title='bbox 1108 3628 1142 3681; x_wconf 89' lang='lat' dir='ltr'><strong>de</strong></span> <span class='ocrx_word' id='word_1_339' title='bbox 1155 3631 1206 3682; x_wconf 85' lang='lat' dir='ltr'><strong>Ln-</strong></span> 
     </span>
     <span class='ocr_line' id='line_1_54' title="bbox 696 3704 1203 3777; baseline 0.006 -21"><span class='ocrx_word' id='word_1_340' title='bbox 696 3704 751 3774; x_wconf 82' lang='lat' dir='ltr'><strong>pid</strong></span> <span class='ocrx_word' id='word_1_341' title='bbox 765 3718 834 3775; x_wconf 91' lang='lat' dir='ltr'><strong>pret.</strong></span> <span class='ocrx_word' id='word_1_342' title='bbox 848 3724 905 3777; x_wconf 86' lang='lat' dir='ltr'><strong>cap.</strong></span> <span class='ocrx_word' id='word_1_343' title='bbox 921 3707 974 3771; x_wconf 75' lang='lat' dir='ltr'><strong>ts,</strong></span> <span class='ocrx_word' id='word_1_344' title='bbox 988 3704 1022 3757; x_wconf 89' lang='lat' dir='ltr'><strong>de</strong></span> <span class='ocrx_word' id='word_1_345' title='bbox 1043 3707 1203 3777; x_wconf 74' lang='lat' dir='ltr'><strong>smaragdis:</strong></span> 
     </span>
     <span class='ocr_line' id='line_1_55' title="bbox 697 3784 1247 3855; baseline 0.018 -20"><span class='ocrx_word' id='word_1_346' title='bbox 697 3806 708 3826; x_wconf 83' lang='lat'><strong>·</strong></span> <span class='ocrx_word' id='word_1_347' title='bbox 723 3784 791 3836; x_wconf 85' lang='lat' dir='ltr'><strong>Sunt</strong></span> <span class='ocrx_word' id='word_1_348' title='bbox 801 3798 826 3837; x_wconf 86' lang='lat' dir='ltr'><strong>et</strong></span> <span class='ocrx_word' id='word_1_349' title='bbox 839 3786 886 3855; x_wconf 86' lang='lat' dir='ltr'><strong>qui</strong></span> <span class='ocrx_word' id='word_1_350' title='bbox 897 3786 969 3838; x_wconf 77' lang='lat' dir='ltr'><strong>senis</strong></span> <span class='ocrx_word' id='word_1_351' title='bbox 981 3787 1054 3837; x_wconf 87' lang='lat' dir='ltr'><strong>nasei</strong></span> <span class='ocrx_word' id='word_1_352' title='bbox 1066 3787 1208 3854; x_wconf 88' lang='lat' dir='ltr'><strong>perhihen-</strong></span> <span class='ocrx_word' id='word_1_353' title='bbox 1246 3840 1247 3845; x_wconf 75' lang='grc'>,</span> 
     </span>
     <span class='ocr_line' id='line_1_56' title="bbox 697 3864 1208 3928; baseline 0.006 -11"><span class='ocrx_word' id='word_1_354' title='bbox 697 3864 784 3917; x_wconf 87' lang='lat' dir='ltr'><strong>turin</strong></span> <span class='ocrx_word' id='word_1_355' title='bbox 806 3865 878 3928; x_wconf 75' lang='lat' dir='ltr'><strong>seris,</strong></span> <span class='ocrx_word' id='word_1_356' title='bbox 895 3864 971 3927; x_wconf 88' lang='lat' dir='ltr'><strong>Quos</strong></span> <span class='ocrx_word' id='word_1_357' title='bbox 985 3864 1094 3916; x_wconf 86' lang='lat' dir='ltr'><strong>maculis</strong></span> <span class='ocrx_word' id='word_1_358' title='bbox 1114 3866 1208 3920; x_wconf 86' lang='lat' dir='ltr'><strong>vitiosa</strong></span> 
     </span>
     <span class='ocr_line' id='line_1_57' title="bbox 697 3941 1209 4017; baseline 0.01 -23"><span class='ocrx_word' id='word_1_359' title='bbox 697 3954 771 3994; x_wconf 89' lang='lat' dir='ltr'><strong>notat</strong></span> <span class='ocrx_word' id='word_1_360' title='bbox 781 3956 874 3995; x_wconf 84' lang='lat' dir='ltr'><strong>natura</strong></span> <span class='ocrx_word' id='word_1_361' title='bbox 888 3941 1050 4013; x_wconf 78' lang='lat' dir='ltr'><strong>smaragdi.»</strong></span> <span class='ocrx_word' id='word_1_362' title='bbox 1069 3945 1209 4017; x_wconf 81' lang='lat' dir='ltr'><strong>Robiginis</strong></span> 
     </span>
     <span class='ocr_line' id='line_1_58' title="bbox 698 4021 1210 4091; baseline 0.006 -16"><span class='ocrx_word' id='word_1_363' title='bbox 698 4021 1210 4091; x_wconf 75' lang='lat' dir='ltr'><strong>serishaberesiriditatemaitAlbertus</strong></span> 
     </span>
     <span class='ocr_line' id='line_1_59' title="bbox 698 4101 1209 4169; baseline 0.012 -17"><span class='ocrx_word' id='word_1_364' title='bbox 698 4102 826 4169; x_wconf 82' lang='lat' dir='ltr'><strong>Magnus,</strong></span> <span class='ocrx_word' id='word_1_365' title='bbox 849 4102 895 4153; x_wconf 90' lang='lat' dir='ltr'><strong>lib.</strong></span> <span class='ocrx_word' id='word_1_366' title='bbox 910 4103 937 4152; x_wconf 93' lang='lat' dir='ltr'><strong>ll</strong></span> <span class='ocrx_word' id='word_1_367' title='bbox 951 4101 985 4153; x_wconf 89' lang='lat' dir='ltr'><strong>de</strong></span> <span class='ocrx_word' id='word_1_368' title='bbox 997 4103 1117 4157; x_wconf 82' lang='lat' dir='ltr'><strong>Minernl.</strong></span> <span class='ocrx_word' id='word_1_369' title='bbox 1134 4118 1209 4157; x_wconf 84' lang='lat' dir='ltr'><strong>tract.</strong></span> 
     </span>
     <span class='ocr_line' id='line_1_60' title="bbox 701 4180 1211 4251; baseline 0.022 -23"><span class='ocrx_word' id='word_1_370' title='bbox 701 4198 802 4251; x_wconf 77' lang='lat' dir='ltr'><strong>2,pag.</strong></span> <span class='ocrx_word' id='word_1_371' title='bbox 820 4180 874 4251; x_wconf 72' lang='lat'><strong>²37</strong></span> <span class='ocrx_word' id='word_1_372' title='bbox 886 4202 913 4231; x_wconf 76' lang='lat'><strong>:-</strong></span> <span class='ocrx_word' id='word_1_373' title='bbox 929 4182 1014 4251; x_wconf 85' lang='lat' dir='ltr'><strong>etqui</strong></span> <span class='ocrx_word' id='word_1_374' title='bbox 1030 4182 1057 4233; x_wconf 91' lang='lat' dir='ltr'><strong>in</strong></span> <span class='ocrx_word' id='word_1_375' title='bbox 1069 4184 1143 4237; x_wconf 86' lang='lat' dir='ltr'><strong>venis</strong></span> <span class='ocrx_word' id='word_1_376' title='bbox 1154 4190 1211 4239; x_wconf 77' lang='lat' dir='ltr'><strong>nris</strong></span> 
     </span>
    </p>
   </div>
   <div class='ocr_carea' id='block_1_11' title="bbox 1046 4276 1092 4377">
    <p class='ocr_par' dir='ltr' id='par_1_15' title="bbox 1046 4276 1092 4377">
     <span class='ocr_line' id='line_1_61' title="bbox 1046 4276 1092 4377; baseline 0 0"><span class='ocrx_word' id='word_1_377' title='bbox 1046 4276 1092 4377; x_wconf 70' lang='lat' dir='ltr'><strong>a,</strong></span> 
     </span>
    </p>
   </div>
   <div class='ocr_carea' id='block_1_12' title="bbox 0 0 1563 5125">
    <p class='ocr_par' dir='ltr' id='par_1_16' title="bbox 0 0 1563 5125">
     <span class='ocr_line' id='line_1_62' title="bbox 0 0 1563 5125; baseline 0 0"><span class='ocrx_word' id='word_1_378' title='bbox 0 0 1563 5125; x_wconf 95' lang='lat' dir='ltr'><strong> </strong></span> 
     </span>
    </p>
   </div>
  </div>
 </body>
</html>
