3100 5125
460 497 832 571 tmerxxxm.
1128 522 1174 596 97

106 652 175 698 rena
196 628 351 699 babere:
373 630 465 701 hanc
487 634 566 718 teri,
595 632 673 703 dein
698 633 802 704 lavari
828 633 967 703 farinam
975 616 1001 719 ⁵,
1027 648 1061 701 et
1085 634 1176 728 qued

106 735 278 820 subsidat,
292 737 415 806 iterum
430 736 543 809 lavari.
554 740 786 809 Differentiam
798 740 810 781 ⁷
824 740 902 808 artis
917 762 986 808 esse
997 790 1006 824 ‚
1018 739 1107 833 quod
1122 740 1177 809 alii

106 844 249 911 minium
270 842 400 913 faciunt
416 846 525 939 prima
539 845 668 915 lotura:
685 846 774 942 apud
792 845 874 915 alios
887 844 919 915 id
938 870 1009 915 esse
1025 844 1177 935 dilutius,

107 950 276 1043 sequentis
294 963 406 1019 autem
421 949 538 1021 loturae
552 955 726 1047 optimum.

159 1056 364 1125 XXXVIII.
386 1058 626 1128 Auctoritatem
648 1056 752 1128 colori
771 1058 871 1128 fuisse
889 1082 956 1129 non
971 1058 1084 1127 miror.
1102 1060 1176 1129 Jam
1197 1088 1210 1123 ι

108 1162 198 1231 enim
213 1160 368 1255 Trojanis
378 1164 584 1258 temporibus
596 1164 729 1235 rubrica
742 1164 916 1236 inhonore
929 1176 1018 1251 erat,
1030 1168 1178 1235 Homero

111 1264 229 1354 tuam',
248 1269 305 1363 qui
322 1292 425 1338 naves
438 1293 478 1338 ea
492 1270 720 1357 commendat,
737 1270 818 1340 alias
844 1272 931 1340 circa
958 1272 1104 1365 picturas
1129 1273 1179 1367 pi·

52 1381 59 1391 '
113 1388 317 1468 gmentaque
338 1398 444 1444 rame.
470 1374 607 1446 Milton¹
637 1392 759 1447 vocant
788 1378 897 1447 Graeci
918 1402 926 1445 ε
946 1378 1085 1446 minium
1105 1378 1180 1473 qui·

115 1479 192 1549 dam
200 1466 227 1568 ³,
240 1480 421 1550 cinnabari.
430 1482 530 1551 Unde
539 1497 637 1553 natus
645 1508 739 1553 error
746 1471 771 1570 ⁴,
786 1482 895 1553 indico
909 1468 1107 1554 cinnabaria⁵
1121 1508 1182 1553 no·

114 1690 246 1744 Cilbianis
264 1688 383 1761 primum
399 1704 563 1747 memoratur
574 1712 630 1747 eaae
672 1689 791 1747 arctam
802 1691 971 1765 μιλτοπάρῃοι,
981 1690 1036 1745 Ubi
1047 1689 1185 1745 Scholiaat.

116 1769 278 1823 inventum:
292 1772 368 1841 cnjna
381 1772 631 1827 etreaetratioaa·
672 1771 781 1827 adnotat
809 1770 988 1843 μιλτοπαρῄους
1017 1768 1088 1836 dici,
1109 1769 1185 1843 qnod

116 1850 151 1903 na
178 1868 290 1921 magnae
324 1849 405 1903 babet
434 1850 628 1907 admirationea.
674 1853 770 1923 μίλτῳ,
786 1851 905 1915 licceat,
921 1850 1028 1903 rubrica
1045 1850 1186 1921 pietaaba·

118 1926 230 1983 Foditur
242 1928 315 1981 enirn
326 1930 402 2000 gleba
413 1949 473 2001 qua
485 1932 573 2003 ἄνθραξ
589 1931 630 1986 di·
671 1932 767 1985 berem
782 1948 888 2002 prorae,
907 1928 954 1993 τὰς
972 1929 1071 2003 capripes
1091 1928 1187 2001 βιΰαμ·

118 2007 197 2071 citur,
217 2019 362 2079 antequam
380 2010 579 2066 tractationibus
595 2010 631 2065 ad
673 2012 761 2083 μένας.
773 2012 866 2065 Haeo.

119 2088 229 2141 minium
239 2088 532 2160 perveniat‚tena‚uti
543 2090 630 2145 ferreo
715 2111 742 2145 a.
755 2090 846 2143 Milton
865 2101 957 2141 noceat
970 2088 1073 2145 Greci:
1088 2084 1186 2142 minium

118 2168 218 2239 augia,
228 2167 342 2221 subrufo
356 2168 571 2234 colore,l1abena
581 2169 631 2223 cir·
672 2170 778 2243 quidam,
789 2182 839 2223 etc.
851 2169 949 2222 Idilton
958 2168 1114 2223 Gracci-nm
1130 2186 1186 2224 non

119 2266 149 2299 ra
163 2266 192 2299 ae
207 2247 323 2300 rnbrnrn
337 2247 485 2319 pulverem.
500 2249 591 2314 Quum
600 2248 631 2303 id
672 2262 712 2303 eat
731 2249 860 2317 minium,
883 2249 906 2300 le
929 2248 1046 2310 ciuedtef
1076 2246 1123 2301 aed
1146 2260 1186 2303 cat

119 2325 229 2391 foditur,
247 2345 279 2379 ex
305 2326 389 2398 plagia
409 2327 630 2382 ferramentorum
672 2328 762 2382 Oebra
773 2324 1185 2397 rubra„1’ocrerouge.vid.Clar.

120 2405 228 2460 ucbraa
252 2406 350 2460 emittit
373 2406 504 2477 lacrymae
528 2408 631 2480 argenti
673 2408 762 2474 Hanc,
780 2406 906 2459 Traite'de
919 2408 1136 2477 rteptmmsur
1151 2406 1186 2461 iet

121 2485 191 2549 vivi,
203 2498 255 2540 etc.
268 2510 281 2532 a
299 2486 360 2539 lIoc
373 2504 456 2557 pomo
469 2488 630 2543 metallicum
669 2489 772 2557 pierres,
786 2505 813 2559 p.
831 2504 895 2557 ¹77·
910 2484 1185 2553 Bnou.-liubrica,

121 2565 252 2629 minium,
262 2566 407 2637 expetitum
419 2566 483 2619 olim
497 2587 511 2620 a
524 2569 633 2640 pictori·
674 2586 721 2621 aen
731 2567 822 2620 chra
833 2567 930 2630 rubra,
948 2579 1016 2620 terra
1031 2578 1069 2618 eat
1079 2566 1185 2636 argilla·

120 2647 169 2698 bna
201 2657 313 2717 propter
341 2643 467 2700 floridum
497 2649 630 2709 colorem,
675 2665 736 2713 cea,
756 2646 857 2700 eailice
875 2657 901 2698 et
916 2645 1033 2698 alumine
1048 2663 1107 2699 corn
1128 2657 1186 2701 acta

121 2743 193 2778 naue
212 2743 353 2797 perrarum
373 2737 429 2780 eat:
446 2725 493 2779 aed
507 2726 580 2800 quod
594 2727 632 2780 le·
674 2665 1185 2796 (stttmtealumtmm),ferroquedixtte

121 2803 220 2858 tbalina
243 2817 296 2868 eat,
329 2803 444 2859 officina
470 2808 632 2861 aubttitnunt
674 2806 705 2859 de
710 2803 765 2875 ser)
776 2805 914 2872 colorata3
931 2803 1079 2860 cinnabaris
1093 2822 1124 2858 ex
1136 2803 1186 2875 by·

122 2902 216 2951 mutu,
235 2895 266 2937 ut
284 2896 379 2938 vocant
395 2885 493 2958 aliqui,
508 2885 634 2940 cinnaba-
674 2885 805 2958 drea-gyro
817 2883 849 2937 iit
859 2897 886 2938 et
897 2883 1027 2953 sulphure
1038 2883 1120 2948 nstin
1132 2885 1185 2939 niti

121 2964 174 3016 rian
186 2982 195 3015 ε
207 2963 263 3016 boe
276 2982 290 3016 a
301 2963 438 3037 thymiatia
448 2966 634 3038 paratur-ignia
676 2965 734 3037 ipaa
754 2963 916 3036 hydrae-gyri
929 2982 1003 3018 vene
1018 2981 1097 3018 arena
1109 2959 1186 3027 (Mer-

122 3043 254 3108 artificio,
271 3055 425 3115 constatque
441 3057 552 3118 argento
571 3045 633 3098 vivo
675 3065 731 3098 cure
743 3045 850 3113 sufferi,
873 3043 969 3096 cmabre
989 3035 1078 3112 nntty),
1097 3041 1185 3098 donee

123 3135 149 3175 et
165 3122 297 3193 aulpbnre
314 3124 456 3177 uatulatis:
479 3125 562 3197 vulgo
578 3145 634 3178 ver·
675 3124 894 3190 cinnabariadat,
908 3135 1079 3195 excoquatur.
1091 3123 1144 3177 En.

123 3203 225 3266 aiilon,
239 3202 352 3254 mahte
362 3202 481 3271 artificicl.
496 3204 589 3258 Iliun.
718 3204 745 3259 3.
765 3204 880 3274 Quiritem.
900 3201 980 3268 Quod
996 3201 1115 3256 indicum
1132 3202 1187 3257 citt·

165 3285 194 3335 6.
204 3281 280 3334 Haec
293 3285 338 3334 teri
344 3322 353 3347 ,
363 3283 419 3335 dein
432 3283 634 3354 lantifor-inani.
676 3284 768 3338 nabari
780 3284 869 3337 colore
882 3283 1003 3336 referret.
1019 3282 1111 3336 litun.

123 3362 235 3414 want.
243 3359 295 3415 lod
305 3360 349 3416 cit
364 3364 510 3417 alleventur
520 3383 593 3419 nunc
601 3363 635 3418 ad
718 3372 743 3429 4.
759 3363 828 3416 Unde
841 3375 1000 3418 nutriremur.
1013 3361 1119 3416 Scilicet
1132 3379 1186 3414 tne-

125 3441 204 3494 minii
229 3453 442 3512 temperaturam.
470 3444 539 3514 Ipan
563 3445 634 3498 eninr
676 3442 872 3513 dicarutn,qui
884 3459 934 3514 pro
949 3440 1083 3494 cinnabari
1096 3439 1186 3496 indica

125 3520 226 3591 gleba,
238 3539 323 3592 quum
337 3535 397 3575 aunt
410 3520 503 3580 arida.
514 3523 575 3592 pilia
585 3523 635 3578 ser·
677 3524 706 3576 in
718 3521 909 3576 medicamenta
919 3521 1034 3575 minium
1041 3519 1187 3586 addebant,

124 3598 398 3666 reiaeontundnntur,
409 3614 434 3655 et
442 3603 595 3656 moluntur:
609 3618 636 3657 et
678 3602 781 3655 inscitia
807 3601 939 3668 nominis,
962 3612 991 3654 ut
1012 3601 1113 3654 Pliniua
1134 3601 1195 3666 ait,-

126 3679 286 3744 lotionibua,
297 3692 325 3732 et
337 3681 452 3736 cocturia
467 3683 566 3736 crebris
577 3683 635 3736 effi·
678 3681 771 3735 XXIX
781 3710 789 3746 t
801 3683 830 3747 8,
839 3699 920 3753 quum
936 3680 1048 3734 minium
1060 3681 1094 3734 ait
1107 3698 1186 3734 vene-

125 3759 211 3825 citur,
225 3771 257 3813 nt
270 3757 413 3815 adveniant
422 3763 543 3827 coloret,
557 3775 606 3818 etc
619 3788 631 3810 ·
676 3777 752 3817 uum.
763 3761 855 3814 Hann.

126 3838 222 3892 Ilun.
723 3841 751 3896 5.
779 3839 922 3894 cinnabaris
953 3840 1054 3892 nomine.
1080 3838 1190 3892 Fallitur

170 3937 195 3987 7.
210 3917 389 3985 Differentiam.
409 3921 473 3974 Hac
490 3920 571 3992 paulo
590 3921 639 3974 ali·
682 3920 793 3974 Plinius.
808 3919 951 3974 Cinnabari
966 3937 1076 3981 verunt,
1089 3930 1129 3971 eat
1140 3936 1190 3970 rto-

130 4010 172 4051 ter
183 3997 352 4068 'l'beophnb
364 4000 490 4053 cllann.
683 4012 737 4055 ater
758 4000 863 4071 sanguis
886 3997 1021 4059 draconis,
1039 3997 1140 4050 arboria
1162 3993 1202 4050 in

171 4077 331 4131 XXXVIII.
344 4077 641 4135 t.Homerotetta.Iliad.
684 4080 836 4133 Fortunatis
856 4079 950 4131 insulis
968 4077 1112 4143 armentis,
1129 4096 1193 4148 quaa

132 4154 208 4220 B,v.
222 4155 278 4226 637
290 4175 298 4209 ι
311 4163 353 4232 Τῷ
366 4153 394 4209 δ’
411 4161 465 4230 ἅμα
485 4164 539 4220 νῆις
554 4162 641 4214 tratre
687 4159 810 4212 Canariae
825 4170 925 4212 vocant.
942 4158 1010 4209 Dar..

208 4255 269 4322 IX.
1055 4279 1074 4349 7
