3100 5125
339 528 406 601 302
603 533 643 601 C.
669 531 838 602 PLINII
860 478 968 600 itAT.
997 532 1121 600 HIST.

235 739 240 750 ⁶
272 687 291 702 ⁸
339 649 588 759 leucophoron³
620 663 676 749 fit,
700 663 764 733 hoc
787 677 857 750 est,
882 663 1044 758 glutinum
1065 667 1154 751 auri,
1174 689 1277 758 quum
1300 667 1395 736 indu·
1479 754 1481 757 .

300 855 311 874 .
338 774 425 842 citur
442 770 541 864 ligno.

307 919 318 948 1
392 879 519 946 XVIII.
532 876 738 943 Paraetonion
751 880 874 944 nomen
887 873 950 945 loci
962 875 1112 944 habetor
1127 876 1287 970 AEgypto¹
1300 903 1309 944 :
1324 903 1401 972 spu-

339 1003 427 1052 mam
443 983 542 1050 maris
560 1004 630 1049 esse
647 979 761 1049 dicunt
778 979 949 1049 solidatam
969 1005 1045 1050 cum
1063 980 1143 1050 limo
1157 1006 1166 1048 τ
1181 998 1215 1050 et
1230 983 1305 1050 ideo
1318 1008 1397 1053 con-

338 1089 410 1157 chae
435 1088 571 1155 minutae
588 1087 801 1154 inveniuntur
831 1087 867 1153 in
890 1109 939 1154 eo.
972 1088 1024 1155 Fit
1042 1101 1076 1156 et
1097 1089 1131 1156 in
1152 1090 1252 1156 Creta
1272 1088 1398 1172 insula,

340 1208 438 1288 atque
453 1192 599 1285 Cyrenis.
616 1191 829 1260 Adulteratur
846 1194 961 1262 Romae
975 1207 1064 1261 creta
1076 1192 1231 1263 Cimolia²
1245 1193 1399 1280 decocta,

341 1300 616 1392 conspissataque.
626 1298 771 1366 Pretium
788 1299 915 1391 optimo
931 1299 964 1366 iu
980 1299 1093 1392 pondo
1108 1323 1164 1367 sex
1180 1285 1305 1368 x.1³.E
1321 1325 1399 1368 can·

342 1392 444 1473 didis⁴
468 1401 635 1473 coloribus
658 1404 926 1496 pinguissimum,
948 1417 982 1471 ot
999 1405 1144 1474 tectoriis
1155 1407 1399 1475 tenacissimum

343 1525 481 1604 propter
500 1507 662 1577 laevorem.

309 1655 321 1690 r
395 1617 488 1684 XIX.
510 1613 689 1682 Melinum¹
714 1612 888 1684 candidum
912 1629 946 1684 et
965 1617 1073 1710 ipsum
1095 1631 1161 1702 est,
1182 1619 1344 1711 optimum
1363 1619 1398 1686 in

342 1718 553 1790 Meloinsula.
569 1723 608 1787 In
615 1721 715 1788 Samo
724 1744 856 1813 quoque
865 1723 1025 1790 nascitur:
1043 1721 1101 1790 sed
1113 1720 1172 1791 eo²
1183 1747 1251 1791 non
1260 1737 1400 1792 utuntur

341 1977 428 2030 graeco
463 1957 600 2029 usurparit
633 1958 713 2011 etiam
749 1957 851 2010 Gellius
933 1957 960 2008 3.
981 1959 1066 2010 Pordo
1085 1978 1126 2012 see
1140 1960 1178 2012 X.
1193 1963 1216 2015 1.
1231 1959 1287 2014 Hoc
1301 1963 1400 2026 est‚in

343 2039 392 2103 ld).
403 2037 485 2100 XIX,
499 2055 556 2107 cap.
574 2054 624 2101 ιο,
638 2050 669 2089 ut
683 2049 709 2088 et
723 2035 851 2107 greceni-
893 2055 937 2090 rex
951 2037 1032 2090 libras
1045 2035 1169 2092 denarius
1183 2059 1261 2094 unua.
1279 2043 1322 2095 Sic
1336 2045 1400 2110 Reg.

343 2136 407 2169 cum
418 2117 467 2169 lib.
478 2115 604 2172 mlv,
621 2133 676 2186 cap.
693 2136 720 2184 9.
740 2117 812 2168 Dru.
895 2137 909 2168 a
925 2117 1017 2169 etalii.
1034 2117 1106 2170 Editi
1124 2119 1250 2172 hactenus
1263 2121 1324 2174 libri
1340 2138 1402 2192 per·

384 2196 411 2249 3.
436 2197 613 2265 Leucoplrororr.
634 2195 677 2247 Sic
697 2195 772 2247 MSS.
794 2211 851 2246 otn-
894 2213 1001 2266 peram,
1024 2199 1049 2246 in
1065 2197 1147 2266 pondo
1165 2201 1288 2252 sexdecim.
1310 2201 1345 2254 Η.
1363 2232 1403 2242 -

343 2294 407 2340 nes,
424 2274 629 2345 editique2tum
641 2274 851 2336 hocloco,tum
895 2274 1026 2326 Denarins
1055 2293 1128 2328 unua
1162 2292 1258 2336 nostrae
1288 2292 1403 2337 moneta

345 2355 480 2415 XXXIII,
493 2373 535 2418 ao,
545 2365 601 2404 tum
616 2351 724 2404 demum
739 2352 766 2404 in
777 2349 853 2404 Indi·
893 2353 995 2422 gallicre
1008 2373 1076 2407 asera
1086 2356 1192 2409 circiter
1207 2361 1251 2410 16.
1269 2359 1320 2412 En.

344 2451 395 2484 ce:
417 2434 513 2486 Irurtra
530 2430 689 2503 quibusdam
712 2431 854 2503 chrysoplw-
937 2427 962 2495 d.
986 2434 1011 2484 E
1039 2433 1158 2486 candidis.
1180 2435 1281 2489 Plinius
1310 2457 1404 2512 supra,

346 2532 389 2566 roo
403 2512 619 2567 rescribentibus.
630 2511 722 2564 Hirro.
896 2510 1027 2576 XXXIII,
1044 2531 1096 2583 27:
1111 2540 1122 2561 ι
1139 2515 1329 2585 paretonium,
1341 2539 1404 2593 quo·

383 2594 488 2646 XVIII.
506 2610 529 2644 r.
545 2592 701 2643 Paraetonion
713 2608 796 2641 nemen
808 2590 856 2641 loci
895 2590 969 2642 niam
988 2603 1026 2644 eet
1039 2606 1131 2647 natura
1147 2595 1363 2667 pinguissimum,
1378 2613 1404 2653 et

345 2674 416 2725 halet
425 2692 455 2724 err
467 2671 588 2740 AEgrpto.
598 2670 662 2723 Hec
673 2669 783 2722 totidem
795 2687 854 2721 ver·
896 2683 1008 2741 propter
1030 2672 1153 2725 laerorem
1184 2676 1404 2743 tenacissimum,

345 2753 386 2805 bis
399 2750 550 2815 Vitruvius,
561 2749 629 2812 VII,
644 2768 672 2817 7,
685 2768 714 2819 p.
730 2747 795 2815 139.
814 2749 855 2799 De
895 2760 1044 2803 atramento
1057 2752 1227 2823 inspergitur,
1240 2773 1275 2806 ne
1290 2770 1405 2827 pareto·

346 2828 502 2902 paratonio,
511 2829 548 2891 V,
574 2831 601 2880 6.
623 2828 685 2879 Non
705 2825 779 2879 aliud
801 2840 854 2892 eet,
895 2828 934 2880 nii
956 2828 1056 2882 candor
1082 2833 1210 2901 pallorem
1234 2832 1405 2905 chrysocollae

346 2909 420 2981 quod
432 2911 459 2960 in
468 2908 621 2959 nostrohoc
632 2907 715 2971 orbe,
728 2920 758 2958 ut
771 2907 799 2959 in
809 2906 855 2959 Sa·
896 2908 1000 2961 alferat.
1014 2935 1024 2956 ·
1039 2910 1130 2964 Iluro.

346 2990 424 3042 xouia
434 2988 577 3049 invenitur,
590 2997 615 3037 et
623 2986 799 3055 paretonium
809 3004 856 3056 ep·
937 2988 1012 3041 XIX.
1032 3007 1056 3041 r.
1070 2990 1195 3045 Melinum.
1209 2992 1333 3048 Totidem
1347 3014 1404 3049 rer-

346 3068 482 3139 pellatur:
506 3077 577 3117 creta
601 3082 697 3135 nempe
714 3064 856 3129 littoralia,
896 3066 938 3119 bie
952 3065 1015 3119 Isid.
1033 3068 1084 3121 loc.
1106 3070 1151 3124 cit.
1168 3072 1296 3125 Melinum
1313 3074 1405 3127 metal·

346 3144 548 3207 candidissime,
569 3144 717 3214 glutinosa,
735 3144 857 3215 pinguis,
896 3145 953 3197 lum
965 3146 1261 3218 appellatVitruv.VII‚
1275 3170 1301 3221 7.
1314 3153 1404 3207 Dioao.

346 3239 405 3299 qua
426 3224 513 3295 colligi
533 3223 589 3275 sine
615 3224 681 3276 limo
705 3236 732 3277 et
754 3223 856 3276 marina
898 3224 934 3288 V,
950 3228 1016 3287 180,
1032 3228 1140 3281 Meliam
1155 3241 1251 3282 terram
1267 3230 1303 3284 ait
1316 3234 1406 3286 colore

347 3322 508 3377 spumanon
521 3314 609 3373 potest
624 3320 630 3355 :
647 3303 676 3354 in
689 3321 741 3373 qna
757 3316 783 3355 et
792 3321 855 3355 con·
897 3303 1029 3357 cineream
1043 3308 1171 3360 Eretriam
1185 3309 1306 3364 imitari:
1328 3303 1351 3365 II
1374 3308 1404 3365 di

346 3384 408 3439 chae
435 3382 579 3435 minutulas
599 3380 750 3434 delitescere
773 3382 856 3436 inter-
897 3385 983 3439 Μηλία
999 3387 1043 3441 τὴν
1062 3386 1103 3455 μὲν
1122 3390 1195 3459 χρόαν
1217 3387 1257 3441 trel
1276 3392 1339 3448 cirri
1356 3395 1404 3452 leo

346 3464 412 3518 dum
432 3474 549 3515 notatur.
558 3459 630 3512 Vide
647 3456 801 3529 Agricolam
823 3458 855 3513 de
897 3453 1138 3535 lpptpircllprrpuidr
1148 3472 1179 3535 τῇ
1191 3463 1342 3524 ccodorrdei.
1354 3470 1407 3535 Sed

345 3546 407 3598 Nat.
420 3543 482 3594 losa.
495 3542 535 3603 11,
546 3558 606 3612 pag.
623 3558 685 3591 eoa.
696 3542 728 3593 ln
737 3558 815 3593 causa
828 3537 855 3591 id
899 3540 1000 3594 Eretria
1009 3555 1078 3597 terra
1088 3546 1193 3614 gemina
1206 3559 1253 3609 ert,
1268 3558 1332 3601 tecte
1344 3549 1407 3603 Dio·

345 3623 412 3685 tuit,
424 3640 473 3675 cur
485 3637 606 3690 spumam
616 3618 696 3671 marie
707 3638 762 3672 cese
772 3636 856 3689 pare·
898 3638 967 3674 acor.
985 3622 1021 3685 V,
1038 3640 1086 3695 ¹7¹
1100 3645 1107 3688 ς
1129 3626 1211 3679 altera
1235 3625 1407 3683 veliementer

346 3702 450 3756 toniom
464 3699 585 3753 dicerent
603 3715 664 3751 cnm
676 3697 741 3751 limo
757 3696 856 3751 solida·
899 3698 967 3752 alba.
985 3698 1075 3755 Htan.

346 3797 412 3836 tem.
425 3782 518 3833 nno.
941 3796 965 3831 a.
976 3776 1027 3831 Sed
1034 3801 1069 3833 eo.
1082 3782 1169 3835 Samio
1180 3801 1277 3854 nempe
1288 3786 1407 3848 metallo,

387 3882 413 3913 a.
430 3859 505 3913 Creta
522 3856 552 3910 C.
562 3857 668 3909 decocta.
682 3856 723 3908 lta
734 3854 856 3909 dicitura
900 3870 966 3911 teste
975 3858 1149 3931 Theophreet.
1161 3862 1403 3935 cepitiiot‚p.13:

347 3939 453 3991 Cimolo
464 3936 669 3999 imula,Cimoli.
682 3934 724 3987 rel
736 3934 856 4005 I'Argeu·
900 3935 945 3989 Διὰ
964 3940 991 3991 τὸ
1009 3940 1079 4001 λίπος
1094 3942 1167 4008 lxeii,
1185 3941 1226 3994 καὶ
1244 3945 1403 4006 πυκνότητα,

348 4022 412 4069 εἰέκ.
425 4016 472 4070 Est
483 4015 575 4087 urgiila
587 4006 691 4082 (silicate
706 4004 856 4081 cluniacus)
900 4028 950 4069 etc.
971 4019 1005 4069 At
1022 4031 1133 4072 utuntur
1146 4020 1264 4087 Melino,
1281 4034 1347 4077 tecte
1365 4042 1406 4095 eo·

347 4094 459 4148 candida
473 4108 499 4148 et
511 4094 635 4165 pinguis,
653 4110 732 4162 quam
749 4110 856 4164 quoque
900 4092 961 4147 dem
982 4097 1157 4169 Theophraot.
1179 4112 1206 4153 et
1220 4100 1308 4155 Dioec.
1324 4102 1352 4155 II
1366 4120 1406 4160 cc.

346 4174 511 4245 appellamur
525 4174 602 4242 argr'le
616 4172 727 4224 cimolite.
741 4172 794 4225 En.
900 4170 988 4228 lirun.
