3100 5125
346 468 418 542 206
445 544 448 550 ,
615 467 653 536 C.
678 466 849 537 PLINII
874 467 980 536 NAT.
1007 469 1136 536 HIST.

345 617 532 676 mentorum
558 597 781 693 jampridem
809 598 985 670 translatus
1006 614 1073 687 est,
1097 596 1215 670 tabulis
1234 586 1356 690 καθῆς’,
1373 601 1413 672 in

347 696 466 806 quibus
489 706 628 803 publicae
651 704 899 788 constitutiones
920 706 1119 776 inciduntur.

317 850 328 886 r
400 818 513 887 XXII.
538 806 600 900 (x.)
617 809 754 879 Metalla
770 814 843 882 aeris
865 811 976 882 multis
1000 811 1106 882 modis
1122 814 1291 880 instruunt
1311 812 1414 882 medi·

347 925 474 1007 cinam,
485 933 600 1014 utpote
616 942 718 1012 quum
729 917 865 988 hulcera
878 920 989 988 omnia
1001 918 1046 987 ibi
1060 919 1219 1012 ocyssirne
1237 933 1408 990 sanentur.

348 1030 493 1098 Maxime
508 1041 617 1094 tamen
631 1024 767 1119 prodest
784 1023 934 1096 cadmia¹.
951 1022 1014 1094 Fit'
1032 1026 1101 1094 sine
1118 1024 1220 1094 dubio
1238 1024 1309 1094 liaec
1324 1038 1358 1094 et
1374 1025 1414 1093 in

346 1134 476 1228 argenti
494 1131 701 1216 fornacibus,
728 1131 898 1200 candidior
923 1155 963 1200 ac
984 1132 1093 1200 minus
1120 1129 1323 1226 ponderosa,
1353 1129 1415 1200 sed

347 1263 555 1334 nequaquam
567 1237 789 1330 comparanda
802 1237 931 1307 aerariae.
949 1235 1046 1306 Plura
1062 1251 1172 1306 aunem
1188 1261 1309 1331 genera
1322 1251 1412 1306 sunt.

346 1350 497 1439 Namque
514 1358 552 1411 ut
565 1345 634 1437 ipse
652 1329 763 1438 lapis³‚
779 1367 820 1412 cx
838 1368 904 1437 quo
920 1342 959 1412 fit
971 1368 1032 1430 aas,
1049 1342 1176 1414 cadmia
1193 1358 1345 1428 vocatur,
1364 1343 1415 1412 fir·

346 1454 432 1524 suris
449 1452 670 1533 necessarius,
684 1449 853 1520 medicinae
866 1436 1028 1518 inutilis⁴2
1049 1450 1094 1518 sic
1113 1435 1238 1518 rursus⁵
1253 1450 1287 1518 in
1305 1449 1415 1518 forna-

390 1653 415 1706 3.
442 1650 542 1704 Tabulis
567 1652 644 1703 areis.
672 1648 775 1702 Priscos
799 1649 860 1701 illos
943 1669 969 1702 a.
986 1649 1038 1702 Fit.
1047 1647 1172 1702 Totidem
1183 1649 1271 1702 verbis
1281 1649 1338 1704 hnc
1348 1648 1414 1703 laid.

347 1731 454 1785 Grecos
467 1749 497 1784 ac
510 1729 634 1794 Latinos,
646 1728 730 1800 leges,
742 1725 856 1791 loedera,
900 1725 952 1782 loc.
966 1728 1010 1782 cit.
1024 1739 1051 1782 et
1068 1729 1155 1781 Diosa.
1168 1730 1207 1793 V„
1219 1731 1254 1791 81
1271 1750 1277 1780 ι
1292 1733 1414 1783 Pacificas

348 1810 487 1882 aliaquein
496 1809 568 1862 aereis
575 1808 671 1862 tabulis
681 1807 858 1878 insculpsisse,
901 1803 931 1862 di
942 1803 1054 1879 aadpsia
1067 1807 1108 1860 καὶ
1126 1809 1154 1860 la
1168 1815 1217 1861 τῶν
1233 1809 1348 1879 ἀργυρίων
1359 1815 1415 1861 λω-

349 1890 502 1944 tralatitium
525 1878 775 1952 est.1.ivius,111,
801 1887 856 1957 57:
901 1889 991 1958 aaripa
1008 1887 1196 1957 aaiaaaparlpa
1210 1883 1283 1942 οὖσα·
1298 1887 1366 1942 κατὰ
1383 1883 1414 1940 dl

352 1996 364 2018 ι
379 1971 463 2040 Leges
476 1967 681 2031 decemvirales,
696 1966 792 2038 quibus
804 1967 859 2018 XII
901 1969 946 2025 τὴν
956 1962 1061 2038 δύναμιν
1072 1962 1156 2024 ἧττον.
1167 1967 1265 2022 Gallis:
1279 1959 1415 2020 calamina:

348 2047 459 2101 Tabulis
468 2065 569 2100 nomen
583 2059 620 2098 ast
633 2045 764 2108 inditum,
783 2046 809 2098 iu
825 2064 859 2098 aes
902 2046 1045 2116 Raperitur
1054 2047 1082 2098 in
1093 2046 1189 2112 Gallia,
1199 2059 1226 2100 et
1234 2047 1262 2098 iu
1273 2045 1416 2102 Leodiensi

349 2129 455 2191 incisas,
468 2128 496 2180 in
510 2125 620 2197 publico
632 2138 855 2196 proposuerunt.»
900 2143 973 2196 agro.
989 2126 1080 2178 illan.

350 2207 457 2265 Servius
463 2207 492 2261 in
498 2203 564 2258 illud
573 2204 691 2257 Maronis
697 2202 857 2258 AEneiffl:
944 2206 970 2260 3.
987 2205 1097 2277 Namque
1109 2217 1135 2257 ut
1149 2209 1198 2276 ipss
1211 2206 1281 2276 lapis.
1299 2204 1361 2258 Non
1375 2217 1417 2258 est

354 2287 450 2339 «Fixit
464 2285 535 2356 leges
549 2286 635 2353 pretio
656 2296 737 2354 atque
754 2283 859 2337 refixit:
904 2285 926 2337 is
938 2285 1047 2356 proprie
1063 2283 1179 2350 cadmia,
1193 2283 1238 2338 sed
1258 2283 1362 2338 cadmia
1375 2297 1416 2338 ta-

275 2432 278 2436 ¹
351 2366 423 2419 Fixit
435 2378 522 2417 autem
538 2362 614 2426 ideo,
628 2362 803 2434 iuquit‚quia
819 2364 860 2415 in-
903 2383 964 2416 men
988 2363 1158 2416 anonnullis
1173 2376 1292 2417 vocatur.
1312 2364 1415 2417 Plinius

351 2445 410 2498 cisse
423 2445 452 2497 in
471 2443 545 2496 carsii
559 2442 656 2494 tabulis
677 2442 747 2512 leges
768 2441 861 2512 affige·
903 2443 955 2495 hoc
963 2442 1011 2496 lib.
1021 2461 1045 2495 c.
1060 2461 1074 2494 a
1088 2461 1094 2494 :
1116 2468 1128 2491 ι
1139 2443 1182 2495 Fit
1195 2463 1244 2510 ωε,
1258 2455 1285 2495 et
1297 2461 1312 2494 e
1326 2442 1415 2514 lapide

350 2527 448 2579 hatur
459 2522 604 2595 parictibus
617 2543 624 2574 ι
643 2546 655 2568 ι
666 2521 721 2576 Cic.
731 2521 800 2575 Phil.
810 2521 865 2587 1115
903 2539 1001 2587 armo,
1018 2539 1096 2594 quem
1108 2521 1238 2577 cadmiam
1250 2535 1356 2577 vocant.
1369 2547 1382 2570 ι

352 2606 389 2659 36
407 2626 413 2655 :
435 2630 447 2651 ι
461 2603 592 2655 Antonius
605 2602 682 2656 falsas
698 2603 768 2672 leges
784 2602 811 2653 in
826 2620 862 2654 aas
945 2608 970 2665 4.
985 2602 1114 2655 Medicina
1127 2602 1226 2655 inutilis.
1239 2602 1352 2656 Fallitur
1363 2602 1417 2656 Pli-

350 2680 506 2739 incidsndas
517 2694 545 2734 et
554 2681 582 2733 in
593 2682 727 2753 Capitolio
741 2680 862 2751 figendas
903 2681 982 2753 niun:
994 2682 1086 2735 rnultis
1101 2682 1172 2735 enim
1184 2681 1206 2735 is
1219 2680 1344 2737 remediis
1355 2682 1416 2754 pol-

350 2763 461 2818 curavit.
476 2786 487 2807 ι
507 2762 578 2814 Hinc
598 2774 624 2814 et
642 2761 712 2831 leges
729 2761 793 2830 ipsas
809 2780 860 2812 oem
903 2761 1200 2815 let.Daa.-1natilis.
1223 2762 1274 2815 Per
1291 2780 1319 2815 ss
1338 2762 1417 2815 nimi·

351 2842 498 2912 appellatae.
512 2839 588 2893 Idem
607 2841 712 2893 Tullius
725 2840 810 2911 Epist.
826 2840 860 2893 ad
904 2860 980 2905 ram,
1000 2859 1088 2913 neque
1114 2841 1218 2895 ustione
1240 2854 1415 2913 praeparatus.

351 2922 424 2974 Fam.
437 2921 530 2985 x11,1
544 2941 551 2970 z
565 2946 577 2967 ι
591 2920 674 2991 Cujus
687 2938 737 2972 asra
748 2918 860 2990 refigere
905 2921 1012 2992 Alioqui
1026 2922 1097 2973 enim
1107 2920 1218 2986 medici,
1230 2934 1261 2973 ut
1272 2920 1415 2993 Nympho-

350 3000 532 3063 dcbebamns,
554 3000 612 3069 ejus
634 3000 713 3052 etiam
729 3000 861 3070 chiragra·
904 3000 1003 3067 dorus,
1019 3013 1044 3053 st
1060 3000 1152 3067 iollas,
1170 3014 1250 3072 atque
1269 3019 1300 3053 ex
1321 3020 1417 3053 eorum

350 3081 404 3152 plia
417 3076 596 3133 defendimus.
613 3104 624 3125 ι
641 3078 675 3131 Et
688 3079 729 3131 111
739 3078 767 3130 in
782 3079 859 3132 Catil.
904 3080 1008 3151 placitis
1021 3081 1124 3133 Plinius
1136 3081 1193 3151 ipse
1208 3082 1255 3134 suh
1270 3080 1352 3133 finem
1364 3081 1418 3133 hu-

354 3159 691 3229 19:1anmctlegum
709 3158 859 3229 aeralique·
903 3162 944 3230 jus
977 3160 1071 3230 capitis
1102 3172 1225 3212 exustum
1254 3160 1416 3214 cribratum·

351 3240 495 3292 factasunt.
510 3238 638 3290 »Tamen
648 3238 792 3292 vetustiore
802 3256 861 3291 aava
904 3258 956 3311 qus
972 3239 999 3291 in
1017 3238 1104 3292 varios
1123 3240 1262 3293 medicinas
1285 3257 1349 3292 naus
1372 3258 1416 3293 re·

350 3320 439 3372 incisa
459 3320 487 3369 in
509 3318 583 3388 ligno
603 3319 681 3389 leges.
700 3318 784 3370 Testis
798 3318 862 3371 Gal·
904 3318 1033 3373 condant.
1045 3320 1135 3373 Hanc.

350 3398 471 3462 lins,11‚
490 3416 544 3450 n:
568 3399 626 3450 ·1n
644 3397 744 3468 legibus
756 3397 861 3452 Solonis
946 3399 971 3451 5.
981 3398 1023 3451 Sic
1035 3418 1115 3450 rascas
1127 3402 1152 3450 la
1158 3398 1300 3467 fornacibus
1312 3400 1415 3451 missit.

350 3478 403 3531 illis
428 3476 629 3547 antiquissimis,
658 3494 717 3547 quas
750 3478 862 3530 Athenis
905 3478 949 3533 Sic
961 3496 1068 3531 rursum
1085 3479 1134 3530 alia
1154 3478 1181 3530 in
1202 3478 1368 3537 fornacibus,
1390 3481 1417 3529 in

351 3557 443 3610 axibus
463 3557 556 3626 ligneis
574 3557 665 3609 incisa
684 3568 831 3628 sunt,⁴etc.
846 3584 862 3605 n.
905 3578 964 3628 quas
978 3560 1042 3629 lapis
1056 3558 1097 3610 itte
1109 3560 1242 3629 conjicitur,
1260 3558 1418 3625 adjuramus

350 3636 491 3690 Undehas
506 3637 596 3707 legum
614 3635 716 3689 tabulas
729 3636 762 3687 sb
778 3637 861 3691 Athe-
905 3640 975 3703 oern,
1000 3635 1101 3692 cadmia
1130 3636 1256 3708 gignitur,
1284 3637 1418 3707 aliamque

349 3717 486 3769 niensibns
497 3715 606 3768 Axonas
617 3734 671 3768 asse
682 3729 861 3787 nuncupatas,
905 3716 985 3769 habet
999 3717 1128 3788 originem
1144 3716 1237 3769 eodem
1248 3728 1351 3769 servato
1365 3734 1417 3768 nc-

349 3796 509 3849 Platarchus
521 3796 550 3847 in
562 3794 659 3847 Solone
673 3794 760 3847 tradit.
772 3796 806 3849 ll.
905 3796 986 3848 mine.
1000 3799 1040 3849 Ita
1053 3798 1082 3849 li.
1102 3816 1134 3861 a,
1147 3796 1288 3868 caeterique
1300 3794 1376 3849 MSS.
1386 3809 1418 3849 ut

388 3874 479 3928 xm.
495 3894 519 3927 1.
531 3874 644 3927 codun.
658 3873 778 3927 Factitia.
790 3876 858 3927 Dan.
905 3888 1078 3929 connectatur
1087 3877 1144 3928 hac
1158 3876 1285 3929 sententia
1302 3894 1363 3927 cum
1375 3894 1419 3927 su·

349 3988 390 3999 -·
399 3954 440 4007 De
453 3955 558 4025 Cyprio
572 3972 638 4017 ure,
654 3954 757 4007 cadmia
769 3954 859 4007 nativa
904 3957 1017 4026 periore.
1032 3958 1065 4008 ln
1080 3956 1157 4009 libris
1175 3957 1301 4009 hactenus
1315 3952 1416 4007 editis:

350 4036 391 4087 vel
404 4034 518 4095 factitia,
537 4034 571 4086 cl.
585 4034 649 4086 Exc.
661 4035 690 4085 11
708 4032 742 4085 ad
759 4035 858 4088 calcem
904 4036 1015 4108 Namque
1030 4039 1079 4107 ipse
1094 4036 1170 4109 Iapis.
1181 4076 1187 4087 .
1197 4036 1262 4088 ,Hic
1277 4054 1358 4085 rursus
1373 4054 1417 4085 ιι-

347 4112 511 4182 hujnslibsi.
526 4113 578 4164 En.
904 4118 990 4167 sistit:
1006 4116 1104 4169 insulse
1128 4134 1237 4186 prorsus
1253 4134 1260 4167 :
1276 4132 1337 4165 narn
1362 4132 1417 4184 qno
