<?xml version="1.0" encoding="UTF-8"?>
<!DOCTYPE html PUBLIC "-//W3C//DTD XHTML 1.0 Transitional//EN"
    "http://www.w3.org/TR/xhtml1/DTD/xhtml1-transitional.dtd">
<html xmlns="http://www.w3.org/1999/xhtml" xml:lang="en" lang="en">
 <head>
  <title>
</title>
<meta http-equiv="Content-Type" content="text/html;charset=utf-8" />
  <meta name='ocr-system' content='tesseract 3.04.00' />
  <meta name='ocr-capabilities' content='ocr_page ocr_carea ocr_par ocr_line ocrx_word'/>
</head>
<body>
  <div class='ocr_page' id='page_1' title='image "./caiipliniisecun00hardgoog_0444.png"; bbox 0 0 3100 5125; ppageno 0'>
   <div class='ocr_carea' id='block_1_1' title="bbox 382 483 1450 750">
    <p class='ocr_par' dir='ltr' id='par_1_1' title="bbox 382 483 1450 750">
     <span class='ocr_line' id='line_1_1' title="bbox 382 483 1170 632; baseline -0.011 -33"><span class='ocrx_word' id='word_1_1' title='bbox 382 525 453 618; x_wconf 70' lang='lat' dir='ltr'>aaa</span> <span class='ocrx_word' id='word_1_2' title='bbox 609 627 613 632; x_wconf 12' lang='lat' dir='ltr'><em>A</em></span> <span class='ocrx_word' id='word_1_3' title='bbox 652 525 689 593; x_wconf 87' lang='lat' dir='ltr'>c.</span> <span class='ocrx_word' id='word_1_4' title='bbox 718 522 882 592; x_wconf 74' lang='lat' dir='ltr'>rainu</span> <span class='ocrx_word' id='word_1_5' title='bbox 903 483 1013 590; x_wconf 33' lang='lat' dir='ltr'>&#39;utin</span> <span class='ocrx_word' id='word_1_6' title='bbox 1041 523 1170 591; x_wconf 83' lang='lat' dir='ltr'>nrsr.</span> 
     </span>
     <span class='ocr_line' id='line_1_2' title="bbox 382 652 1450 750; baseline -0.003 -21"><span class='ocrx_word' id='word_1_7' title='bbox 382 663 418 731; x_wconf 89' lang='lat' dir='ltr'>in</span> <span class='ocrx_word' id='word_1_8' title='bbox 430 683 469 728; x_wconf 84' lang='lat' dir='ltr'>ea</span> <span class='ocrx_word' id='word_1_9' title='bbox 478 657 613 728; x_wconf 81' lang='lat' dir='ltr'>scientia</span> <span class='ocrx_word' id='word_1_10' title='bbox 623 655 727 736; x_wconf 83' lang='lat' dir='ltr'>fuere,</span> <span class='ocrx_word' id='word_1_11' title='bbox 740 652 970 748; x_wconf 85' lang='lat' dir='ltr'>Hipponactia⁹</span> <span class='ocrx_word' id='word_1_12' title='bbox 978 668 1082 748; x_wconf 74' lang='lat' dir='ltr'>poetae</span> <span class='ocrx_word' id='word_1_13' title='bbox 1095 669 1205 743; x_wconf 78' lang='lat' dir='ltr'>aetate,</span> <span class='ocrx_word' id='word_1_14' title='bbox 1213 679 1311 750; x_wconf 90' lang='lat' dir='ltr'>quern</span> <span class='ocrx_word' id='word_1_15' title='bbox 1321 671 1450 726; x_wconf 88' lang='lat' dir='ltr'>certum</span> 
     </span>
    </p>
   </div>
   <div class='ocr_carea' id='block_1_2' title="bbox 353 759 1450 1595">
    <p class='ocr_par' dir='ltr' id='par_1_2' title="bbox 353 759 1450 1595">
     <span class='ocr_line' id='line_1_3' title="bbox 381 759 1450 856; baseline -0.006 -20"><span class='ocrx_word' id='word_1_16' title='bbox 381 780 432 836; x_wconf 86' lang='lat' dir='ltr'>cst</span> <span class='ocrx_word' id='word_1_17' title='bbox 444 791 489 834; x_wconf 76' lang='lat' dir='ltr'>ux</span> <span class='ocrx_word' id='word_1_18' title='bbox 502 760 700 856; x_wconf 82' lang='lat' dir='ltr'>Olympiade</span> <span class='ocrx_word' id='word_1_19' title='bbox 718 759 832 830; x_wconf 87' lang='lat' dir='ltr'>fuisse.</span> <span class='ocrx_word' id='word_1_20' title='bbox 847 759 948 848; x_wconf 90' lang='lat' dir='ltr'>Quod</span> <span class='ocrx_word' id='word_1_21' title='bbox 964 762 991 828; x_wconf 85' lang='lat' dir='ltr'>si</span> <span class='ocrx_word' id='word_1_22' title='bbox 1008 761 1081 854; x_wconf 91' lang='lat' dir='ltr'>quis</span> <span class='ocrx_word' id='word_1_23' title='bbox 1095 760 1217 830; x_wconf 90' lang='lat' dir='ltr'>borum</span> <span class='ocrx_word' id='word_1_24' title='bbox 1234 761 1395 831; x_wconf 87' lang='lat' dir='ltr'>familiam</span> <span class='ocrx_word' id='word_1_25' title='bbox 1411 763 1450 830; x_wconf 95' lang='lat' dir='ltr'>ad</span> 
     </span>
     <span class='ocr_line' id='line_1_4' title="bbox 381 866 1448 966; baseline -0.005 -26"><span class='ocrx_word' id='word_1_26' title='bbox 381 893 546 966; x_wconf 88' lang='lat' dir='ltr'>proavum</span> <span class='ocrx_word' id='word_1_27' title='bbox 574 891 678 959; x_wconf 86' lang='lat' dir='ltr'>usque</span> <span class='ocrx_word' id='word_1_28' title='bbox 701 881 790 935; x_wconf 88' lang='lat' dir='ltr'>retro</span> <span class='ocrx_word' id='word_1_29' title='bbox 813 879 906 960; x_wconf 85' lang='lat' dir='ltr'>agat,</span> <span class='ocrx_word' id='word_1_30' title='bbox 930 866 1073 933; x_wconf 91' lang='lat' dir='ltr'>inveniet</span> <span class='ocrx_word' id='word_1_31' title='bbox 1094 867 1172 936; x_wconf 90' lang='lat' dir='ltr'>artis</span> <span class='ocrx_word' id='word_1_32' title='bbox 1190 867 1261 960; x_wconf 85' lang='lat' dir='ltr'>ejus</span> <span class='ocrx_word' id='word_1_33' title='bbox 1286 870 1448 962; x_wconf 84' lang='lat' dir='ltr'>originem</span> 
     </span>
     <span class='ocr_line' id='line_1_5' title="bbox 381 971 1449 1066; baseline -0.005 -20"><span class='ocrx_word' id='word_1_34' title='bbox 381 1001 458 1046; x_wconf 92' lang='lat' dir='ltr'>cum</span> <span class='ocrx_word' id='word_1_35' title='bbox 480 971 715 1066; x_wconf 77' lang='lat' dir='ltr'>Olympiadem</span> <span class='ocrx_word' id='word_1_36' title='bbox 741 972 868 1065; x_wconf 81' lang='lat' dir='ltr'>origine</span> <span class='ocrx_word' id='word_1_37' title='bbox 892 973 1040 1064; x_wconf 84' lang='lat' dir='ltr'>coepisse.</span> <span class='ocrx_word' id='word_1_38' title='bbox 1064 972 1264 1066; x_wconf 85' lang='lat' dir='ltr'>Hipponacti</span> <span class='ocrx_word' id='word_1_39' title='bbox 1294 973 1449 1042; x_wconf 88' lang='lat' dir='ltr'>notabilis</span> 
     </span>
     <span class='ocr_line' id='line_1_6' title="bbox 381 1075 1448 1172; baseline -0.004 -22"><span class='ocrx_word' id='word_1_40' title='bbox 381 1081 511 1150; x_wconf 81' lang='lat' dir='ltr'>foeditas</span> <span class='ocrx_word' id='word_1_41' title='bbox 530 1077 641 1165; x_wconf 81' lang='lat' dir='ltr'>vultus</span> <span class='ocrx_word' id='word_1_42' title='bbox 656 1091 729 1146; x_wconf 86' lang='lat' dir='ltr'>erat</span> <span class='ocrx_word' id='word_1_43' title='bbox 745 1103 753 1144; x_wconf 76' lang='grc' dir='ltr'><strong><em>ε</em></strong></span> <span class='ocrx_word' id='word_1_44' title='bbox 771 1077 987 1171; x_wconf 90' lang='lat' dir='ltr'>quamobrem</span> <span class='ocrx_word' id='word_1_45' title='bbox 997 1075 1021 1099; x_wconf 87' lang='lat'>¹⁰</span> <span class='ocrx_word' id='word_1_46' title='bbox 1037 1077 1212 1170; x_wconf 83' lang='lat' dir='ltr'>imaginem</span> <span class='ocrx_word' id='word_1_47' title='bbox 1232 1079 1302 1172; x_wconf 87' lang='lat' dir='ltr'>ejus</span> <span class='ocrx_word' id='word_1_48' title='bbox 1317 1078 1448 1148; x_wconf 81' lang='lat' dir='ltr'>lascivia</span> 
     </span>
     <span class='ocr_line' id='line_1_7' title="bbox 377 1179 1447 1280; baseline -0.005 -24"><span class='ocrx_word' id='word_1_49' title='bbox 377 1187 531 1280; x_wconf 87' lang='lat' dir='ltr'>jocorum</span> <span class='ocrx_word' id='word_1_50' title='bbox 546 1185 568 1251; x_wconf 93' lang='lat' dir='ltr'>ii</span> <span class='ocrx_word' id='word_1_51' title='bbox 583 1207 785 1279; x_wconf 83' lang='lat' dir='ltr'><strong>proposuere</strong></span> <span class='ocrx_word' id='word_1_52' title='bbox 802 1179 979 1251; x_wconf 86' lang='lat' dir='ltr'>ridentium</span> <span class='ocrx_word' id='word_1_53' title='bbox 998 1181 1138 1252; x_wconf 91' lang='lat' dir='ltr'>circulis.</span> <span class='ocrx_word' id='word_1_54' title='bbox 1151 1184 1252 1272; x_wconf 93' lang='lat' dir='ltr'>Quod</span> <span class='ocrx_word' id='word_1_55' title='bbox 1269 1186 1447 1279; x_wconf 84' lang='lat' dir='ltr'>Hipponax</span> 
     </span>
     <span class='ocr_line' id='line_1_8' title="bbox 379 1288 1446 1385; baseline -0.001 -25"><span class='ocrx_word' id='word_1_56' title='bbox 379 1288 611 1385; x_wconf 83' lang='lat' dir='ltr'>indignatus¹¹‚</span> <span class='ocrx_word' id='word_1_57' title='bbox 630 1288 881 1358; x_wconf 81' lang='lat' dir='ltr'>amaritudinem</span> <span class='ocrx_word' id='word_1_58' title='bbox 903 1291 1086 1357; x_wconf 81' lang='lat' dir='ltr'>carminum</span> <span class='ocrx_word' id='word_1_59' title='bbox 1103 1288 1296 1359; x_wconf 83' lang='lat' dir='ltr'>distrinxit¹²</span> <span class='ocrx_word' id='word_1_60' title='bbox 1316 1293 1352 1358; x_wconf 91' lang='lat' dir='ltr'>in</span> <span class='ocrx_word' id='word_1_61' title='bbox 1372 1305 1446 1359; x_wconf 91' lang='lat' dir='ltr'>tan·</span> 
     </span>
     <span class='ocr_line' id='line_1_9' title="bbox 380 1392 1446 1490; baseline -0.001 -23"><span class='ocrx_word' id='word_1_62' title='bbox 380 1413 465 1479; x_wconf 91' lang='lat' dir='ltr'>tum,</span> <span class='ocrx_word' id='word_1_63' title='bbox 476 1395 672 1465; x_wconf 87' lang='lat' dir='ltr'>uteredatur</span> <span class='ocrx_word' id='word_1_64' title='bbox 681 1392 843 1488; x_wconf 88' lang='lat' dir='ltr'>aliquibus</span> <span class='ocrx_word' id='word_1_65' title='bbox 857 1393 898 1462; x_wconf 96' lang='lat' dir='ltr'>ad</span> <span class='ocrx_word' id='word_1_66' title='bbox 907 1394 1059 1488; x_wconf 91' lang='lat' dir='ltr'>laqueum</span> <span class='ocrx_word' id='word_1_67' title='bbox 1069 1420 1126 1464; x_wconf 89' lang='lat' dir='ltr'>eos</span> <span class='ocrx_word' id='word_1_68' title='bbox 1132 1395 1331 1490; x_wconf 84' lang='lat' dir='ltr'>compulisse</span> <span class='ocrx_word' id='word_1_69' title='bbox 1340 1422 1348 1464; x_wconf 73' lang='grc' dir='ltr'><strong><em>ε</em></strong></span> <span class='ocrx_word' id='word_1_70' title='bbox 1357 1397 1446 1490; x_wconf 89' lang='lat' dir='ltr'>quod</span> 
     </span>
     <span class='ocr_line' id='line_1_10' title="bbox 353 1498 1446 1595; baseline 0.002 -27"><span class='ocrx_word' id='word_1_71' title='bbox 353 1515 368 1568; x_wconf 89' lang='lat'>3</span> <span class='ocrx_word' id='word_1_72' title='bbox 386 1501 504 1572; x_wconf 80' lang='lat' dir='ltr'>falsum</span> <span class='ocrx_word' id='word_1_73' title='bbox 525 1515 585 1570; x_wconf 69' lang='lat' dir='ltr'>est„</span> <span class='ocrx_word' id='word_1_74' title='bbox 604 1499 787 1595; x_wconf 87' lang='lat' dir='ltr'>Complura</span> <span class='ocrx_word' id='word_1_75' title='bbox 811 1502 898 1568; x_wconf 89' lang='lat' dir='ltr'>enim</span> <span class='ocrx_word' id='word_1_76' title='bbox 918 1501 952 1568; x_wconf 90' lang='lat' dir='ltr'>in</span> <span class='ocrx_word' id='word_1_77' title='bbox 970 1498 1115 1569; x_wconf 84' lang='lat' dir='ltr'>finitimis</span> <span class='ocrx_word' id='word_1_78' title='bbox 1139 1501 1251 1571; x_wconf 89' lang='lat' dir='ltr'>insulis</span> <span class='ocrx_word' id='word_1_79' title='bbox 1268 1501 1446 1572; x_wconf 83' lang='lat' dir='ltr'>simulacra</span> 
     </span>
    </p>
   </div>
   <div class='ocr_carea' id='block_1_3' title="bbox 343 1696 1453 3042">
    <p class='ocr_par' dir='ltr' id='par_1_3' title="bbox 343 1696 1453 3042">
     <span class='ocr_line' id='line_1_11' title="bbox 380 1696 1445 1774; baseline -0.003 -14"><span class='ocrx_word' id='word_1_80' title='bbox 380 1707 457 1760; x_wconf 86' lang='lat' dir='ltr'>matis</span> <span class='ocrx_word' id='word_1_81' title='bbox 469 1705 497 1758; x_wconf 86' lang='lat' dir='ltr'>in</span> <span class='ocrx_word' id='word_1_82' title='bbox 508 1704 618 1757; x_wconf 76' lang='lat' dir='ltr'>Authol.</span> <span class='ocrx_word' id='word_1_83' title='bbox 628 1705 678 1766; x_wconf 86' lang='lat'>111,</span> <span class='ocrx_word' id='word_1_84' title='bbox 691 1703 776 1767; x_wconf 62' lang='lat' dir='ltr'>auin</span> <span class='ocrx_word' id='word_1_85' title='bbox 789 1703 890 1774; x_wconf 87' lang='lat' dir='ltr'>primis·</span> <span class='ocrx_word' id='word_1_86' title='bbox 934 1705 1001 1764; x_wconf 75' lang='lat' dir='ltr'>narb&lt;</span> <span class='ocrx_word' id='word_1_87' title='bbox 1016 1699 1099 1756; x_wconf 61' lang='grc' dir='ltr'>Μεθ’</span> <span class='ocrx_word' id='word_1_88' title='bbox 1117 1696 1235 1767; x_wconf 58' lang='lat' dir='ltr'>lancie}</span> <span class='ocrx_word' id='word_1_89' title='bbox 1254 1707 1344 1757; x_wconf 76' lang='lat' dir='ltr'>sciret.</span> <span class='ocrx_word' id='word_1_90' title='bbox 1359 1705 1389 1756; x_wconf 83' lang='lat' dir='ltr'>Ei</span> <span class='ocrx_word' id='word_1_91' title='bbox 1405 1709 1445 1774; x_wconf 74' lang='lat' dir='ltr'>piu</span> 
     </span>
     <span class='ocr_line' id='line_1_12' title="bbox 417 1781 1447 1854; baseline -0.001 -16"><span class='ocrx_word' id='word_1_92' title='bbox 417 1786 490 1839; x_wconf 90' lang='lat' dir='ltr'>eillo</span> <span class='ocrx_word' id='word_1_93' title='bbox 499 1783 738 1846; x_wconf 81' lang='lat' dir='ltr'>Mimnermi,sive</span> <span class='ocrx_word' id='word_1_94' title='bbox 752 1781 887 1854; x_wconf 86' lang='lat' dir='ltr'>Philippi:</span> <span class='ocrx_word' id='word_1_95' title='bbox 933 1785 1052 1852; x_wconf 74' lang='grc' dir='ltr'>πονηρὸς,</span> <span class='ocrx_word' id='word_1_96' title='bbox 1077 1783 1111 1853; x_wconf 81' lang='grc' dir='ltr'>μὴ</span> <span class='ocrx_word' id='word_1_97' title='bbox 1138 1782 1256 1854; x_wconf 53' lang='lat' dir='ltr'>corippus</span> <span class='ocrx_word' id='word_1_98' title='bbox 1285 1791 1321 1853; x_wconf 79' lang='grc' dir='ltr'>τῷ</span> <span class='ocrx_word' id='word_1_99' title='bbox 1350 1783 1447 1854; x_wconf 60' lang='lat' dir='ltr'>cupio.</span> 
     </span>
     <span class='ocr_line' id='line_1_13' title="bbox 418 1857 1445 1934; baseline -0.004 -16"><span class='ocrx_word' id='word_1_100' title='bbox 418 1865 493 1929; x_wconf 80' lang='grc' dir='ltr'><strong>ξιῑνι,</strong></span> <span class='ocrx_word' id='word_1_101' title='bbox 506 1865 577 1934; x_wconf 58' lang='lat' dir='ltr'>psius</span> <span class='ocrx_word' id='word_1_102' title='bbox 597 1865 638 1915; x_wconf 73' lang='grc' dir='ltr'>τὸν</span> <span class='ocrx_word' id='word_1_103' title='bbox 653 1863 784 1928; x_wconf 79' lang='grc' dir='ltr'><strong>χαλαζιπῆ</strong></span> <span class='ocrx_word' id='word_1_104' title='bbox 799 1861 889 1931; x_wconf 71' lang='grc' dir='ltr'>τάφον,</span> <span class='ocrx_word' id='word_1_105' title='bbox 934 1863 963 1914; x_wconf 83' lang='grc' dir='ltr'>Εἰ</span> <span class='ocrx_word' id='word_1_106' title='bbox 974 1857 1000 1913; x_wconf 75' lang='lat' dir='ltr'>d&#39;</span> <span class='ocrx_word' id='word_1_107' title='bbox 1013 1861 1066 1915; x_wconf 81' lang='lat' dir='ltr'>ieci</span> <span class='ocrx_word' id='word_1_108' title='bbox 1082 1863 1181 1932; x_wconf 63' lang='lat' dir='ltr'>apsiyoc&#39;c</span> <span class='ocrx_word' id='word_1_109' title='bbox 1195 1882 1237 1926; x_wconf 86' lang='grc' dir='ltr'>τι,</span> <span class='ocrx_word' id='word_1_110' title='bbox 1250 1862 1293 1915; x_wconf 73' lang='grc' dir='ltr'>καὶ</span> <span class='ocrx_word' id='word_1_111' title='bbox 1307 1861 1379 1933; x_wconf 75' lang='grc' dir='ltr'>παρὰ</span> <span class='ocrx_word' id='word_1_112' title='bbox 1388 1884 1445 1933; x_wconf 78' lang='grc' dir='ltr'>χρη-</span> 
     </span>
     <span class='ocr_line' id='line_1_14' title="bbox 377 1932 1447 2014; baseline -0.002 -16"><span class='ocrx_word' id='word_1_113' title='bbox 377 1947 426 1998; x_wconf 81' lang='grc' dir='ltr'>Τὸν</span> <span class='ocrx_word' id='word_1_114' title='bbox 439 1946 535 2014; x_wconf 66' lang='grc' dir='ltr'>φρικτὸν</span> <span class='ocrx_word' id='word_1_115' title='bbox 553 1935 715 2001; x_wconf 62' lang='lat' dir='ltr'>landawe(</span> <span class='ocrx_word' id='word_1_116' title='bbox 727 1963 733 1974; x_wconf 91' lang='lat'>·</span> <span class='ocrx_word' id='word_1_117' title='bbox 754 1932 781 1992; x_wconf 75' lang='lat' dir='ltr'>cl</span> <span class='ocrx_word' id='word_1_118' title='bbox 798 1959 826 1992; x_wconf 81' lang='grc' dir='ltr'>τι</span> <span class='ocrx_word' id='word_1_119' title='bbox 838 1941 889 2008; x_wconf 76' lang='grc' dir='ltr'>χίἱ</span> <span class='ocrx_word' id='word_1_120' title='bbox 934 1949 984 2010; x_wconf 67' lang='lat' dir='ltr'>cip,</span> <span class='ocrx_word' id='word_1_121' title='bbox 996 1943 1111 2012; x_wconf 72' lang='lat' dir='ltr'>Gapaloi</span> <span class='ocrx_word' id='word_1_122' title='bbox 1123 1943 1228 2002; x_wconf 71' lang='grc' dir='ltr'><strong>καθίζω,</strong></span> <span class='ocrx_word' id='word_1_123' title='bbox 1240 1942 1285 1993; x_wconf 72' lang='grc' dir='ltr'>κᾶν</span> <span class='ocrx_word' id='word_1_124' title='bbox 1296 1943 1447 2010; x_wconf 52' lang='lat' dir='ltr'>diluemini·</span> 
     </span>
     <span class='ocr_line' id='line_1_15' title="bbox 378 2013 1447 2095; baseline 0 -19"><span class='ocrx_word' id='word_1_125' title='bbox 378 2027 454 2095; x_wconf 76' lang='lat' dir='ltr'>rippa</span> <span class='ocrx_word' id='word_1_126' title='bbox 465 2013 594 2093; x_wconf 68' lang='grc' dir='ltr'>Ῐαμὸιάζιι</span> <span class='ocrx_word' id='word_1_127' title='bbox 607 2021 754 2074; x_wconf 58' lang='lat' dir='ltr'>Branchum</span> <span class='ocrx_word' id='word_1_128' title='bbox 767 2019 801 2079; x_wconf 78' lang='grc' dir='ltr'>ιῖς</span> <span class='ocrx_word' id='word_1_129' title='bbox 816 2021 889 2090; x_wconf 62' lang='lat' dir='ltr'>cipe&lt;</span> <span class='ocrx_word' id='word_1_130' title='bbox 913 2061 918 2073; x_wconf 92' lang='lat'><strong>.</strong></span> <span class='ocrx_word' id='word_1_131' title='bbox 934 2018 1022 2092; x_wconf 69' lang='grc' dir='ltr'>Εριξον.</span> <span class='ocrx_word' id='word_1_132' title='bbox 1035 2046 1046 2066; x_wconf 81' lang='grc' dir='ltr'>ι</span> <span class='ocrx_word' id='word_1_133' title='bbox 1058 2021 1139 2073; x_wconf 86' lang='lat' dir='ltr'>Vates</span> <span class='ocrx_word' id='word_1_134' title='bbox 1147 2021 1267 2091; x_wconf 83' lang='lat' dir='ltr'>sepultus</span> <span class='ocrx_word' id='word_1_135' title='bbox 1278 2021 1322 2072; x_wconf 90' lang='lat' dir='ltr'>hic</span> <span class='ocrx_word' id='word_1_136' title='bbox 1334 2022 1447 2092; x_wconf 77' lang='lat' dir='ltr'>quiescit</span> 
     </span>
     <span class='ocr_line' id='line_1_16' title="bbox 378 2099 1446 2174; baseline 0.001 -21"><span class='ocrx_word' id='word_1_137' title='bbox 378 2104 476 2163; x_wconf 73' lang='grc' dir='ltr'>Μήπως</span> <span class='ocrx_word' id='word_1_138' title='bbox 496 2103 588 2172; x_wconf 65' lang='grc' dir='ltr'>ἰγιίρῃς</span> <span class='ocrx_word' id='word_1_139' title='bbox 608 2104 690 2169; x_wconf 65' lang='lat' dir='ltr'>optim</span> <span class='ocrx_word' id='word_1_140' title='bbox 710 2101 751 2156; x_wconf 74' lang='grc' dir='ltr'>τὸν</span> <span class='ocrx_word' id='word_1_141' title='bbox 768 2102 891 2169; x_wconf 75' lang='grc' dir='ltr'>κοιμώμι-</span> <span class='ocrx_word' id='word_1_142' title='bbox 934 2099 1446 2174; x_wconf 77' lang='lat' dir='ltr'>Hipponax:Abscedebusto,siquises</span> 
     </span>
     <span class='ocr_line' id='line_1_17' title="bbox 343 2171 1446 2251; baseline -0.002 -16"><span class='ocrx_word' id='word_1_143' title='bbox 343 2177 346 2182; x_wconf 44' lang='lat'>¹</span> <span class='ocrx_word' id='word_1_144' title='bbox 378 2202 435 2247; x_wconf 78' lang='lat' dir='ltr'>sca,</span> <span class='ocrx_word' id='word_1_145' title='bbox 451 2171 486 2242; x_wconf 76' lang='grc' dir='ltr'>ὸς</span> <span class='ocrx_word' id='word_1_146' title='bbox 504 2176 558 2234; x_wconf 71' lang='lat' dir='ltr'>ott·</span> <span class='ocrx_word' id='word_1_147' title='bbox 578 2183 602 2233; x_wconf 77' lang='lat' dir='ltr'>la</span> <span class='ocrx_word' id='word_1_148' title='bbox 624 2176 675 2249; x_wconf 73' lang='grc' dir='ltr'>ᾅδῃ</span> <span class='ocrx_word' id='word_1_149' title='bbox 693 2183 732 2230; x_wconf 80' lang='grc' dir='ltr'>νῦν</span> <span class='ocrx_word' id='word_1_150' title='bbox 746 2179 888 2247; x_wconf 73' lang='grc' dir='ltr'><strong>κικοίμηκιν</strong></span> <span class='ocrx_word' id='word_1_151' title='bbox 934 2177 1446 2251; x_wconf 71' lang='lat' dir='ltr'>malamente:Quodaibonussisipae</span> 
     </span>
     <span class='ocr_line' id='line_1_18' title="bbox 377 2254 1446 2329; baseline -0.001 -16"><span class='ocrx_word' id='word_1_152' title='bbox 377 2260 584 2329; x_wconf 52' lang='lat' dir='ltr'>grimnitum</span> <span class='ocrx_word' id='word_1_153' title='bbox 597 2259 692 2328; x_wconf 68' lang='lat' dir='ltr'>pisper&lt;</span> <span class='ocrx_word' id='word_1_154' title='bbox 705 2256 762 2327; x_wconf 74' lang='grc' dir='ltr'>ὀρθὰ</span> <span class='ocrx_word' id='word_1_155' title='bbox 772 2257 889 2318; x_wconf 58' lang='lat' dir='ltr'>celeiae:</span> <span class='ocrx_word' id='word_1_156' title='bbox 933 2254 967 2310; x_wconf 87' lang='lat' dir='ltr'>de</span> <span class='ocrx_word' id='word_1_157' title='bbox 984 2258 1061 2310; x_wconf 93' lang='lat' dir='ltr'>bouis</span> <span class='ocrx_word' id='word_1_158' title='bbox 1074 2271 1164 2322; x_wconf 88' lang='lat' dir='ltr'>uatus,</span> <span class='ocrx_word' id='word_1_159' title='bbox 1181 2260 1267 2310; x_wconf 87' lang='lat' dir='ltr'>Tutus</span> <span class='ocrx_word' id='word_1_160' title='bbox 1283 2257 1376 2311; x_wconf 86' lang='lat' dir='ltr'>sedeto</span> <span class='ocrx_word' id='word_1_161' title='bbox 1399 2279 1406 2312; x_wconf 76' lang='grc' dir='ltr'><strong>ε</strong></span> <span class='ocrx_word' id='word_1_162' title='bbox 1425 2261 1446 2312; x_wconf 89' lang='lat' dir='ltr'>si</span> 
     </span>
     <span class='ocr_line' id='line_1_19' title="bbox 377 2335 1445 2410; baseline -0.002 -17"><span class='ocrx_word' id='word_1_163' title='bbox 377 2341 435 2393; x_wconf 78' lang='lat' dir='ltr'>isra.</span> <span class='ocrx_word' id='word_1_164' title='bbox 447 2366 458 2386; x_wconf 77' lang='grc' dir='ltr'>ι</span> <span class='ocrx_word' id='word_1_165' title='bbox 470 2337 548 2391; x_wconf 84' lang='lat' dir='ltr'>Hunc</span> <span class='ocrx_word' id='word_1_166' title='bbox 559 2335 771 2408; x_wconf 67' lang='lat' dir='ltr'>grandinantem,</span> <span class='ocrx_word' id='word_1_167' title='bbox 782 2335 803 2388; x_wconf 84' lang='lat' dir='ltr'>si</span> <span class='ocrx_word' id='word_1_168' title='bbox 811 2336 890 2406; x_wconf 91' lang='lat' dir='ltr'>sapis,</span> <span class='ocrx_word' id='word_1_169' title='bbox 932 2337 1041 2401; x_wconf 82' lang='lat' dir='ltr'>libebit,</span> <span class='ocrx_word' id='word_1_170' title='bbox 1055 2351 1080 2390; x_wconf 88' lang='lat' dir='ltr'>et</span> <span class='ocrx_word' id='word_1_171' title='bbox 1091 2337 1188 2390; x_wconf 83' lang='lat' dir='ltr'>dormi.</span> <span class='ocrx_word' id='word_1_172' title='bbox 1203 2363 1214 2384; x_wconf 76' lang='grc' dir='ltr'>ι</span> <span class='ocrx_word' id='word_1_173' title='bbox 1228 2336 1361 2401; x_wconf 86' lang='lat' dir='ltr'>Quartum</span> <span class='ocrx_word' id='word_1_174' title='bbox 1372 2339 1445 2410; x_wconf 88' lang='lat' dir='ltr'>quod</span> 
     </span>
     <span class='ocr_line' id='line_1_20' title="bbox 377 2415 1446 2488; baseline -0.003 -17"><span class='ocrx_word' id='word_1_175' title='bbox 377 2418 513 2471; x_wconf 89' lang='lat' dir='ltr'>tumulum</span> <span class='ocrx_word' id='word_1_176' title='bbox 533 2418 608 2488; x_wconf 75' lang='lat' dir='ltr'>iuge,</span> <span class='ocrx_word' id='word_1_177' title='bbox 624 2416 729 2479; x_wconf 82' lang='lat' dir='ltr'>Viator,</span> <span class='ocrx_word' id='word_1_178' title='bbox 750 2415 888 2485; x_wconf 85' lang='lat' dir='ltr'>Hippona-</span> <span class='ocrx_word' id='word_1_179' title='bbox 934 2416 1014 2469; x_wconf 78' lang='lat' dir='ltr'>Alcui</span> <span class='ocrx_word' id='word_1_180' title='bbox 1032 2429 1086 2480; x_wconf 84' lang='lat' dir='ltr'>eet,</span> <span class='ocrx_word' id='word_1_181' title='bbox 1107 2415 1180 2468; x_wconf 88' lang='lat' dir='ltr'>haud</span> <span class='ocrx_word' id='word_1_182' title='bbox 1199 2435 1268 2487; x_wconf 74' lang='lat' dir='ltr'>agre</span> <span class='ocrx_word' id='word_1_183' title='bbox 1282 2416 1446 2482; x_wconf 83' lang='lat' dir='ltr'>omittimus,</span> 
     </span>
     <span class='ocr_line' id='line_1_21' title="bbox 376 2490 1444 2568; baseline -0.001 -18"><span class='ocrx_word' id='word_1_184' title='bbox 376 2497 443 2550; x_wconf 86' lang='lat' dir='ltr'>etii:</span> <span class='ocrx_word' id='word_1_185' title='bbox 457 2496 543 2550; x_wconf 79' lang='lat' dir='ltr'>hostis</span> <span class='ocrx_word' id='word_1_186' title='bbox 568 2495 660 2567; x_wconf 89' lang='lat' dir='ltr'>Bupali</span> <span class='ocrx_word' id='word_1_187' title='bbox 689 2496 772 2548; x_wconf 78' lang='lat' dir='ltr'>Atrox</span> <span class='ocrx_word' id='word_1_188' title='bbox 795 2493 889 2548; x_wconf 85' lang='lat' dir='ltr'>iambis</span> <span class='ocrx_word' id='word_1_189' title='bbox 933 2493 1008 2567; x_wconf 88' lang='lat' dir='ltr'>quod</span> <span class='ocrx_word' id='word_1_190' title='bbox 1021 2513 1076 2547; x_wconf 90' lang='lat' dir='ltr'>uon</span> <span class='ocrx_word' id='word_1_191' title='bbox 1095 2513 1214 2568; x_wconf 75' lang='lat' dir='ltr'>uqueac</span> <span class='ocrx_word' id='word_1_192' title='bbox 1227 2490 1365 2567; x_wconf 86' lang='lat' dir='ltr'>superiora</span> <span class='ocrx_word' id='word_1_193' title='bbox 1379 2497 1444 2550; x_wconf 88' lang='lat' dir='ltr'>arri·</span> 
     </span>
     <span class='ocr_line' id='line_1_22' title="bbox 376 2572 1453 2647; baseline -0.006 -17"><span class='ocrx_word' id='word_1_194' title='bbox 376 2576 471 2637; x_wconf 74' lang='lat' dir='ltr'>stridet</span> <span class='ocrx_word' id='word_1_195' title='bbox 487 2576 544 2647; x_wconf 86' lang='lat' dir='ltr'>ipse</span> <span class='ocrx_word' id='word_1_196' title='bbox 565 2576 644 2628; x_wconf 89' lang='lat' dir='ltr'>etiam</span> <span class='ocrx_word' id='word_1_197' title='bbox 659 2574 735 2627; x_wconf 91' lang='lat' dir='ltr'>cinis.</span> <span class='ocrx_word' id='word_1_198' title='bbox 745 2572 817 2641; x_wconf 86' lang='lat' dir='ltr'>Vide</span> <span class='ocrx_word' id='word_1_199' title='bbox 830 2594 888 2627; x_wconf 86' lang='lat' dir='ltr'>crs·</span> <span class='ocrx_word' id='word_1_200' title='bbox 932 2573 1001 2628; x_wconf 89' lang='lat' dir='ltr'>deat.</span> <span class='ocrx_word' id='word_1_201' title='bbox 1016 2574 1107 2627; x_wconf 80' lang='lat' dir='ltr'>Hian.</span> <span class='ocrx_word' id='word_1_202' title='bbox 1450 2578 1453 2587; x_wconf 82' lang='grc'><strong><em>’</em></strong></span> 
     </span>
     <span class='ocr_line' id='line_1_23' title="bbox 376 2652 1444 2725; baseline 0 -16"><span class='ocrx_word' id='word_1_203' title='bbox 376 2658 489 2709; x_wconf 84' lang='lat' dir='ltr'>breuem</span> <span class='ocrx_word' id='word_1_204' title='bbox 515 2673 563 2717; x_wconf 55' lang='lat' dir='ltr'>ue,</span> <span class='ocrx_word' id='word_1_205' title='bbox 578 2655 718 2707; x_wconf 88' lang='lat' dir='ltr'>cubantem</span> <span class='ocrx_word' id='word_1_206' title='bbox 749 2652 856 2707; x_wconf 78' lang='lat' dir='ltr'>suscites</span> <span class='ocrx_word' id='word_1_207' title='bbox 879 2675 885 2704; x_wconf 88' lang='lat'>:</span> <span class='ocrx_word' id='word_1_208' title='bbox 973 2674 999 2723; x_wconf 91' lang='lat'>9.</span> <span class='ocrx_word' id='word_1_209' title='bbox 1026 2654 1193 2725; x_wconf 73' lang='lat' dir='ltr'>Hipponactis.</span> <span class='ocrx_word' id='word_1_210' title='bbox 1217 2654 1349 2725; x_wconf 73' lang='lat' dir='ltr'>Ephesius</span> <span class='ocrx_word' id='word_1_211' title='bbox 1376 2654 1444 2719; x_wconf 86' lang='lat' dir='ltr'>l&#39;uit,</span> 
     </span>
     <span class='ocr_line' id='line_1_24' title="bbox 375 2730 1444 2805; baseline 0 -18"><span class='ocrx_word' id='word_1_212' title='bbox 375 2733 503 2788; x_wconf 86' lang='lat' dir='ltr'>Nondum</span> <span class='ocrx_word' id='word_1_213' title='bbox 519 2733 629 2805; x_wconf 77' lang='lat' dir='ltr'>quiescit</span> <span class='ocrx_word' id='word_1_214' title='bbox 640 2733 696 2802; x_wconf 84' lang='lat' dir='ltr'>ejus</span> <span class='ocrx_word' id='word_1_215' title='bbox 709 2730 780 2802; x_wconf 87' lang='lat' dir='ltr'>apud</span> <span class='ocrx_word' id='word_1_216' title='bbox 794 2751 886 2785; x_wconf 86' lang='lat' dir='ltr'>orcum</span> <span class='ocrx_word' id='word_1_217' title='bbox 932 2733 1083 2787; x_wconf 86' lang='lat' dir='ltr'>iamborum</span> <span class='ocrx_word' id='word_1_218' title='bbox 1090 2736 1236 2787; x_wconf 87' lang='lat' dir='ltr'>carminum</span> <span class='ocrx_word' id='word_1_219' title='bbox 1246 2734 1444 2804; x_wconf 87' lang='lat' dir='ltr'>scriptor.Vide</span> 
     </span>
     <span class='ocr_line' id='line_1_25' title="bbox 375 2810 1443 2884; baseline -0.001 -18"><span class='ocrx_word' id='word_1_220' title='bbox 375 2814 450 2866; x_wconf 84' lang='lat' dir='ltr'>furor</span> <span class='ocrx_word' id='word_1_221' title='bbox 461 2832 468 2865; x_wconf 91' lang='lat'>:</span> <span class='ocrx_word' id='word_1_222' title='bbox 480 2812 532 2866; x_wconf 85' lang='lat' dir='ltr'>Sed</span> <span class='ocrx_word' id='word_1_223' title='bbox 541 2824 613 2865; x_wconf 82' lang='lat' dir='ltr'>recta</span> <span class='ocrx_word' id='word_1_224' title='bbox 626 2812 714 2866; x_wconf 83' lang='lat' dir='ltr'>vibrat</span> <span class='ocrx_word' id='word_1_225' title='bbox 726 2810 777 2863; x_wconf 91' lang='lat' dir='ltr'>tela</span> <span class='ocrx_word' id='word_1_226' title='bbox 791 2810 887 2864; x_wconf 90' lang='lat' dir='ltr'>claudo</span> <span class='ocrx_word' id='word_1_227' title='bbox 932 2812 1443 2884; x_wconf 75' lang='lat' dir='ltr'>Suidam.Meminitejuseththen.Xll,</span> 
     </span>
     <span class='ocr_line' id='line_1_26' title="bbox 375 2887 1443 2963; baseline 0.001 -17"><span class='ocrx_word' id='word_1_228' title='bbox 375 2893 501 2946; x_wconf 86' lang='lat' dir='ltr'>carmine.</span> <span class='ocrx_word' id='word_1_229' title='bbox 517 2917 529 2939; x_wconf 78' lang='grc' dir='ltr'>ι</span> <span class='ocrx_word' id='word_1_230' title='bbox 545 2893 665 2945; x_wconf 76' lang='lat' dir='ltr'>Alterum</span> <span class='ocrx_word' id='word_1_231' title='bbox 680 2887 806 2943; x_wconf 74' lang='lat' dir='ltr'>Leonida</span> <span class='ocrx_word' id='word_1_232' title='bbox 824 2891 888 2945; x_wconf 89' lang='lat' dir='ltr'>huic</span> <span class='ocrx_word' id='word_1_233' title='bbox 932 2910 990 2963; x_wconf 69' lang='lat' dir='ltr'>pag.</span> <span class='ocrx_word' id='word_1_234' title='bbox 1010 2893 1075 2947; x_wconf 80' lang='lat'><strong>⁵52.</strong></span> <span class='ocrx_word' id='word_1_235' title='bbox 1092 2892 1250 2945; x_wconf 68' lang='lat' dir='ltr'>maroelus</span> <span class='ocrx_word' id='word_1_236' title='bbox 1264 2893 1293 2945; x_wconf 90' lang='lat' dir='ltr'>in</span> <span class='ocrx_word' id='word_1_237' title='bbox 1316 2894 1443 2947; x_wconf 86' lang='lat' dir='ltr'>Chresto·</span> 
     </span>
     <span class='ocr_line' id='line_1_27' title="bbox 374 2964 1441 3042; baseline 0.001 -18"><span class='ocrx_word' id='word_1_238' title='bbox 374 2972 477 3024; x_wconf 85' lang='lat' dir='ltr'>simile:</span> <span class='ocrx_word' id='word_1_239' title='bbox 491 2964 593 3042; x_wconf 72' lang='grc' dir='ltr'><strong>Ᾰτρίμα</strong></span> <span class='ocrx_word' id='word_1_240' title='bbox 604 2972 643 3023; x_wconf 76' lang='grc' dir='ltr'>τὸν</span> <span class='ocrx_word' id='word_1_241' title='bbox 657 2968 749 3040; x_wconf 62' lang='lat' dir='ltr'>tipice</span> <span class='ocrx_word' id='word_1_242' title='bbox 762 2972 887 3040; x_wconf 81' lang='grc' dir='ltr'><strong>παραμιί·</strong></span> <span class='ocrx_word' id='word_1_243' title='bbox 919 2972 1045 3036; x_wconf 76' lang='lat' dir='ltr'>mathia,</span> <span class='ocrx_word' id='word_1_244' title='bbox 1058 2985 1087 3024; x_wconf 91' lang='lat' dir='ltr'>ut</span> <span class='ocrx_word' id='word_1_245' title='bbox 1100 2972 1209 3025; x_wconf 82' lang='lat' dir='ltr'>Photius</span> <span class='ocrx_word' id='word_1_246' title='bbox 1227 2973 1309 3026; x_wconf 78' lang='lat' dir='ltr'>refert</span> <span class='ocrx_word' id='word_1_247' title='bbox 1322 2973 1350 3024; x_wconf 90' lang='lat' dir='ltr'>in</span> <span class='ocrx_word' id='word_1_248' title='bbox 1372 2972 1441 3026; x_wconf 86' lang='lat' dir='ltr'>Bibl.</span> 
     </span>
    </p>
   </div>
   <div class='ocr_carea' id='block_1_4' title="bbox 272 3049 1440 3122">
    <p class='ocr_par' dir='ltr' id='par_1_4' title="bbox 272 3049 1440 3122">
     <span class='ocr_line' id='line_1_28' title="bbox 272 3049 1440 3122; baseline 0 -19"><span class='ocrx_word' id='word_1_249' title='bbox 272 3078 278 3087; x_wconf 86' lang='lat'><strong>·</strong></span> <span class='ocrx_word' id='word_1_250' title='bbox 375 3049 495 3121; x_wconf 50' lang='lat' dir='ltr'>&amp;aruph</span> <span class='ocrx_word' id='word_1_251' title='bbox 508 3052 549 3103; x_wconf 72' lang='grc' dir='ltr'>τὸν</span> <span class='ocrx_word' id='word_1_252' title='bbox 562 3053 585 3103; x_wconf 74' lang='lat' dir='ltr'>la</span> <span class='ocrx_word' id='word_1_253' title='bbox 597 3050 764 3119; x_wconf 64' lang='lat' dir='ltr'>implicatam</span> <span class='ocrx_word' id='word_1_254' title='bbox 780 3051 886 3119; x_wconf 67' lang='grc' dir='ltr'>ἐγιίρητι</span> <span class='ocrx_word' id='word_1_255' title='bbox 931 3050 1440 3122; x_wconf 73' lang='lat' dir='ltr'>cod.239,pag.98ii,llippouactem</span> 
     </span>
    </p>
   </div>
   <div class='ocr_carea' id='block_1_5' title="bbox 279 3119 1505 4230">
    <p class='ocr_par' dir='ltr' id='par_1_5' title="bbox 279 3119 1505 4230">
     <span class='ocr_line' id='line_1_29' title="bbox 279 3119 1441 3201; baseline 0.002 -19"><span class='ocrx_word' id='word_1_256' title='bbox 279 3140 290 3159; x_wconf 72' lang='lat'>²</span> <span class='ocrx_word' id='word_1_257' title='bbox 375 3130 447 3199; x_wconf 62' lang='lat' dir='ltr'>epia·</span> <span class='ocrx_word' id='word_1_258' title='bbox 461 3131 655 3200; x_wconf 69' lang='grc' dir='ltr'><strong>ἀναπαυόμενον.</strong></span> <span class='ocrx_word' id='word_1_259' title='bbox 668 3119 728 3199; x_wconf 76' lang='grc' dir='ltr'>Ᾰρτι</span> <span class='ocrx_word' id='word_1_260' title='bbox 741 3129 788 3199; x_wconf 66' lang='grc' dir='ltr'>γὰρ</span> <span class='ocrx_word' id='word_1_261' title='bbox 801 3121 888 3181; x_wconf 75' lang='lat' dir='ltr'>land·</span> <span class='ocrx_word' id='word_1_262' title='bbox 931 3130 966 3183; x_wconf 91' lang='lat' dir='ltr'>ait</span> <span class='ocrx_word' id='word_1_263' title='bbox 977 3130 1051 3182; x_wconf 81' lang='lat' dir='ltr'>Darii</span> <span class='ocrx_word' id='word_1_264' title='bbox 1062 3130 1225 3201; x_wconf 85' lang='lat' dir='ltr'>temporibus</span> <span class='ocrx_word' id='word_1_265' title='bbox 1238 3129 1375 3191; x_wconf 82' lang='lat' dir='ltr'>floruisse,</span> <span class='ocrx_word' id='word_1_266' title='bbox 1389 3132 1441 3184; x_wconf 89' lang='lat' dir='ltr'>huc</span> 
     </span>
     <span class='ocr_line' id='line_1_30' title="bbox 373 3199 1505 3280; baseline 0.002 -20"><span class='ocrx_word' id='word_1_267' title='bbox 373 3212 485 3271; x_wconf 74' lang='grc' dir='ltr'><strong>νακτοςὸ</strong></span> <span class='ocrx_word' id='word_1_268' title='bbox 500 3209 541 3261; x_wconf 77' lang='grc' dir='ltr'>καὶ</span> <span class='ocrx_word' id='word_1_269' title='bbox 556 3212 644 3262; x_wconf 67' lang='grc' dir='ltr'>τεκέων</span> <span class='ocrx_word' id='word_1_270' title='bbox 660 3210 683 3260; x_wconf 78' lang='lat' dir='ltr'>io</span> <span class='ocrx_word' id='word_1_271' title='bbox 699 3209 807 3274; x_wconf 74' lang='grc' dir='ltr'><strong>βαώξας,</strong></span> <span class='ocrx_word' id='word_1_272' title='bbox 827 3199 887 3279; x_wconf 75' lang='grc' dir='ltr'>Ᾰρτι</span> <span class='ocrx_word' id='word_1_273' title='bbox 931 3221 983 3273; x_wconf 80' lang='lat' dir='ltr'>eat,</span> <span class='ocrx_word' id='word_1_274' title='bbox 1002 3208 1163 3280; x_wconf 80' lang='lat' dir='ltr'>Olympiade</span> <span class='ocrx_word' id='word_1_275' title='bbox 1178 3228 1248 3262; x_wconf 80' lang='lat' dir='ltr'>axv:</span> <span class='ocrx_word' id='word_1_276' title='bbox 1275 3202 1441 3264; x_wconf 74' lang='lat' dir='ltr'>Odllnsroi·</span> <span class='ocrx_word' id='word_1_277' title='bbox 1498 3260 1505 3279; x_wconf 43' lang='grc' dir='ltr'>ι</span> 
     </span>
     <span class='ocr_line' id='line_1_31' title="bbox 374 3278 1401 3360; baseline 0.004 -20"><span class='ocrx_word' id='word_1_278' title='bbox 374 3289 518 3359; x_wconf 70' lang='grc' dir='ltr'><strong>κεκοίμηται</strong></span> <span class='ocrx_word' id='word_1_279' title='bbox 543 3290 616 3359; x_wconf 69' lang='grc' dir='ltr'>θυμὸς</span> <span class='ocrx_word' id='word_1_280' title='bbox 644 3289 667 3340; x_wconf 73' lang='lat' dir='ltr'>la</span> <span class='ocrx_word' id='word_1_281' title='bbox 692 3288 793 3356; x_wconf 79' lang='grc' dir='ltr'><strong>ἡσυχίῃ.</strong></span> <span class='ocrx_word' id='word_1_282' title='bbox 818 3278 886 3341; x_wconf 74' lang='lat' dir='ltr'>lut</span> <span class='ocrx_word' id='word_1_283' title='bbox 930 3288 974 3351; x_wconf 79' lang='grc' dir='ltr'>ναξ</span> <span class='ocrx_word' id='word_1_284' title='bbox 987 3288 1053 3341; x_wconf 75' lang='grc' dir='ltr'><strong>κατὰ</strong></span> <span class='ocrx_word' id='word_1_285' title='bbox 1067 3293 1164 3360; x_wconf 78' lang='grc' dir='ltr'><strong>Δαρεῖον</strong></span> <span class='ocrx_word' id='word_1_286' title='bbox 1177 3290 1296 3360; x_wconf 69' lang='lat' dir='ltr'>altapetra.</span> <span class='ocrx_word' id='word_1_287' title='bbox 1311 3288 1401 3344; x_wconf 74' lang='lat' dir='ltr'>lirun.</span> 
     </span>
     <span class='ocr_line' id='line_1_32' title="bbox 373 3365 1439 3438; baseline 0.004 -19"><span class='ocrx_word' id='word_1_288' title='bbox 373 3365 888 3438; x_wconf 71' lang='grc' dir='ltr'>προμηθῆσασθι·τᾶγὰρπιπυρωμίνακιί·</span> <span class='ocrx_word' id='word_1_289' title='bbox 974 3384 1015 3420; x_wconf 86' lang='lat' dir='ltr'>ro.</span> <span class='ocrx_word' id='word_1_290' title='bbox 1034 3369 1192 3438; x_wconf 79' lang='lat' dir='ltr'>Quamobrem</span> <span class='ocrx_word' id='word_1_291' title='bbox 1202 3408 1209 3433; x_wconf 90' lang='lat'>,</span> <span class='ocrx_word' id='word_1_292' title='bbox 1220 3382 1270 3423; x_wconf 88' lang='lat' dir='ltr'>etc.</span> <span class='ocrx_word' id='word_1_293' title='bbox 1284 3370 1377 3423; x_wconf 81' lang='lat' dir='ltr'>Refert</span> <span class='ocrx_word' id='word_1_294' title='bbox 1388 3370 1439 3423; x_wconf 90' lang='lat' dir='ltr'>hoc</span> 
     </span>
     <span class='ocr_line' id='line_1_33' title="bbox 373 3434 1364 3518; baseline 0.001 -20"><span class='ocrx_word' id='word_1_295' title='bbox 373 3466 414 3499; x_wconf 76' lang='lat' dir='ltr'>scu</span> <span class='ocrx_word' id='word_1_296' title='bbox 435 3434 541 3513; x_wconf 62' lang='lat' dir='ltr'>lipare</span> <span class='ocrx_word' id='word_1_297' title='bbox 562 3450 690 3516; x_wconf 70' lang='grc' dir='ltr'><strong>πημαίνειν</strong></span> <span class='ocrx_word' id='word_1_298' title='bbox 711 3440 763 3498; x_wconf 74' lang='lat' dir='ltr'>olda</span> <span class='ocrx_word' id='word_1_299' title='bbox 787 3446 828 3499; x_wconf 77' lang='lat' dir='ltr'>aei</span> <span class='ocrx_word' id='word_1_300' title='bbox 845 3447 886 3499; x_wconf 77' lang='grc' dir='ltr'>εἶν’</span> <span class='ocrx_word' id='word_1_301' title='bbox 930 3446 1257 3518; x_wconf 83' lang='lat' dir='ltr'>quoqueSuidasluc.cit.</span> <span class='ocrx_word' id='word_1_302' title='bbox 1272 3448 1364 3501; x_wconf 77' lang='lat' dir='ltr'>llsau.</span> 
     </span>
     <span class='ocr_line' id='line_1_34' title="bbox 375 3522 1436 3599; baseline 0.001 -21"><span class='ocrx_word' id='word_1_303' title='bbox 375 3522 445 3593; x_wconf 52' lang='lat' dir='ltr'>atta.</span> <span class='ocrx_word' id='word_1_304' title='bbox 467 3549 478 3572; x_wconf 81' lang='grc' dir='ltr'>ι</span> <span class='ocrx_word' id='word_1_305' title='bbox 502 3525 590 3599; x_wconf 87' lang='lat' dir='ltr'>Quam</span> <span class='ocrx_word' id='word_1_306' title='bbox 618 3538 693 3595; x_wconf 86' lang='lat' dir='ltr'>potes</span> <span class='ocrx_word' id='word_1_307' title='bbox 718 3526 769 3578; x_wconf 89' lang='lat' dir='ltr'>hac</span> <span class='ocrx_word' id='word_1_308' title='bbox 793 3525 885 3579; x_wconf 88' lang='lat' dir='ltr'>tacitus</span> <span class='ocrx_word' id='word_1_309' title='bbox 974 3543 1017 3579; x_wconf 81' lang='grc' dir='ltr'>ιι.</span> <span class='ocrx_word' id='word_1_310' title='bbox 1047 3528 1179 3597; x_wconf 70' lang='lat' dir='ltr'>Hipponoo</span> <span class='ocrx_word' id='word_1_311' title='bbox 1203 3528 1350 3597; x_wconf 68' lang='lat' dir='ltr'>iade&#39;gmtm.</span> <span class='ocrx_word' id='word_1_312' title='bbox 1368 3526 1436 3579; x_wconf 91' lang='lat' dir='ltr'>Vide</span> 
     </span>
     <span class='ocr_line' id='line_1_35' title="bbox 373 3603 1434 3678; baseline 0 -21"><span class='ocrx_word' id='word_1_313' title='bbox 373 3605 472 3670; x_wconf 85' lang='lat' dir='ltr'>transi,</span> <span class='ocrx_word' id='word_1_314' title='bbox 485 3622 519 3657; x_wconf 86' lang='lat' dir='ltr'>ne</span> <span class='ocrx_word' id='word_1_315' title='bbox 529 3604 598 3657; x_wconf 76' lang='lat' dir='ltr'>forte</span> <span class='ocrx_word' id='word_1_316' title='bbox 612 3604 772 3657; x_wconf 86' lang='lat' dir='ltr'>crabrouem</span> <span class='ocrx_word' id='word_1_317' title='bbox 785 3606 885 3675; x_wconf 80' lang='lat' dir='ltr'>Esper-</span> <span class='ocrx_word' id='word_1_318' title='bbox 929 3603 1056 3660; x_wconf 81' lang='lat' dir='ltr'>Hadrian.</span> <span class='ocrx_word' id='word_1_319' title='bbox 1067 3608 1130 3659; x_wconf 84' lang='lat' dir='ltr'>lun.</span> <span class='ocrx_word' id='word_1_320' title='bbox 1144 3607 1190 3659; x_wconf 92' lang='lat' dir='ltr'>lib.</span> <span class='ocrx_word' id='word_1_321' title='bbox 1203 3606 1229 3671; x_wconf 88' lang='lat'>1,</span> <span class='ocrx_word' id='word_1_322' title='bbox 1241 3626 1300 3678; x_wconf 87' lang='lat' dir='ltr'>cap.</span> <span class='ocrx_word' id='word_1_323' title='bbox 1313 3611 1358 3661; x_wconf 86' lang='lat'>16.</span> <span class='ocrx_word' id='word_1_324' title='bbox 1369 3608 1434 3659; x_wconf 77' lang='lat' dir='ltr'>Dia.</span> 
     </span>
     <span class='ocr_line' id='line_1_36' title="bbox 373 3682 1434 3756; baseline 0 -20"><span class='ocrx_word' id='word_1_325' title='bbox 373 3685 499 3754; x_wconf 74' lang='lat' dir='ltr'>gelacies,</span> <span class='ocrx_word' id='word_1_326' title='bbox 519 3702 600 3756; x_wconf 79' lang='lat' dir='ltr'>quem</span> <span class='ocrx_word' id='word_1_327' title='bbox 614 3702 695 3754; x_wconf 88' lang='lat' dir='ltr'>sopor</span> <span class='ocrx_word' id='word_1_328' title='bbox 715 3682 781 3736; x_wconf 86' lang='lat' dir='ltr'>altus</span> <span class='ocrx_word' id='word_1_329' title='bbox 794 3682 883 3736; x_wconf 87' lang='lat' dir='ltr'>habet.</span> <span class='ocrx_word' id='word_1_330' title='bbox 973 3703 1018 3739; x_wconf 76' lang='lat' dir='ltr'>ra.</span> <span class='ocrx_word' id='word_1_331' title='bbox 1038 3686 1229 3738; x_wconf 81' lang='lat' dir='ltr'>Amoritadr&#39;nem</span> <span class='ocrx_word' id='word_1_332' title='bbox 1249 3691 1378 3737; x_wconf 80' lang='lat' dir='ltr'>carminum</span> <span class='ocrx_word' id='word_1_333' title='bbox 1398 3686 1434 3736; x_wconf 88' lang='lat' dir='ltr'>di·</span> 
     </span>
     <span class='ocr_line' id='line_1_37' title="bbox 372 3750 1434 3835; baseline 0 -19"><span class='ocrx_word' id='word_1_334' title='bbox 372 3762 545 3835; x_wconf 82' lang='lat' dir='ltr'>Hipponactis</span> <span class='ocrx_word' id='word_1_335' title='bbox 558 3763 643 3826; x_wconf 88' lang='lat' dir='ltr'>euim,</span> <span class='ocrx_word' id='word_1_336' title='bbox 657 3780 715 3832; x_wconf 80' lang='lat' dir='ltr'>quae</span> <span class='ocrx_word' id='word_1_337' title='bbox 727 3776 805 3814; x_wconf 88' lang='lat' dir='ltr'>natos</span> <span class='ocrx_word' id='word_1_338' title='bbox 815 3780 883 3816; x_wconf 77' lang='lat' dir='ltr'>saeva</span> <span class='ocrx_word' id='word_1_339' title='bbox 928 3768 1033 3818; x_wconf 72' lang='lat' dir='ltr'>strinxit.</span> <span class='ocrx_word' id='word_1_340' title='bbox 1047 3750 1279 3830; x_wconf 75' lang='lat' dir='ltr'>Quemadmodum</span> <span class='ocrx_word' id='word_1_341' title='bbox 1291 3764 1364 3817; x_wconf 87' lang='lat' dir='ltr'>enim</span> <span class='ocrx_word' id='word_1_342' title='bbox 1382 3765 1434 3835; x_wconf 74' lang='lat' dir='ltr'>gla-</span> 
     </span>
     <span class='ocr_line' id='line_1_38' title="bbox 371 3841 1439 3915; baseline -0.001 -20"><span class='ocrx_word' id='word_1_343' title='bbox 371 3842 479 3895; x_wconf 84' lang='lat' dir='ltr'>latravit</span> <span class='ocrx_word' id='word_1_344' title='bbox 490 3844 532 3895; x_wconf 88' lang='lat' dir='ltr'>lra</span> <span class='ocrx_word' id='word_1_345' title='bbox 544 3861 619 3905; x_wconf 88' lang='lat' dir='ltr'>suos,</span> <span class='ocrx_word' id='word_1_346' title='bbox 629 3841 711 3893; x_wconf 80' lang='lat' dir='ltr'>multa</span> <span class='ocrx_word' id='word_1_347' title='bbox 723 3860 794 3895; x_wconf 87' lang='lat' dir='ltr'>nuuc</span> <span class='ocrx_word' id='word_1_348' title='bbox 803 3843 883 3896; x_wconf 82' lang='lat' dir='ltr'>cubat</span> <span class='ocrx_word' id='word_1_349' title='bbox 926 3842 999 3895; x_wconf 91' lang='lat' dir='ltr'>dium</span> <span class='ocrx_word' id='word_1_350' title='bbox 1012 3842 1193 3915; x_wconf 77' lang='lat' dir='ltr'>distringimus</span> <span class='ocrx_word' id='word_1_351' title='bbox 1202 3845 1311 3915; x_wconf 88' lang='lat' dir='ltr'>petituri</span> <span class='ocrx_word' id='word_1_352' title='bbox 1323 3844 1439 3907; x_wconf 85' lang='lat' dir='ltr'>hostem,</span> 
     </span>
     <span class='ocr_line' id='line_1_39' title="bbox 372 3915 1433 3995; baseline 0.001 -23"><span class='ocrx_word' id='word_1_353' title='bbox 372 3920 401 3973; x_wconf 91' lang='lat' dir='ltr'>iu</span> <span class='ocrx_word' id='word_1_354' title='bbox 417 3922 519 3995; x_wconf 88' lang='lat' dir='ltr'>requie.</span> <span class='ocrx_word' id='word_1_355' title='bbox 538 3919 590 3973; x_wconf 79' lang='lat' dir='ltr'>sed</span> <span class='ocrx_word' id='word_1_356' title='bbox 607 3938 670 3973; x_wconf 83' lang='lat' dir='ltr'>cave</span> <span class='ocrx_word' id='word_1_357' title='bbox 691 3915 764 3973; x_wconf 74' lang='lat' dir='ltr'>uunc&#39;</span> <span class='ocrx_word' id='word_1_358' title='bbox 782 3921 879 3983; x_wconf 89' lang='lat' dir='ltr'>etiam,</span> <span class='ocrx_word' id='word_1_359' title='bbox 926 3922 961 3975; x_wconf 87' lang='lat' dir='ltr'>ita</span> <span class='ocrx_word' id='word_1_360' title='bbox 974 3924 1017 3977; x_wconf 89' lang='lat' dir='ltr'>hic</span> <span class='ocrx_word' id='word_1_361' title='bbox 1027 3918 1169 3993; x_wconf 83' lang='lat' dir='ltr'>Hipponax</span> <span class='ocrx_word' id='word_1_362' title='bbox 1180 3924 1358 3993; x_wconf 87' lang='lat' dir='ltr'>metaphorice</span> <span class='ocrx_word' id='word_1_363' title='bbox 1371 3921 1433 3975; x_wconf 90' lang='lat' dir='ltr'>dici-</span> 
     </span>
     <span class='ocr_line' id='line_1_40' title="bbox 372 3998 1431 4072; baseline -0.001 -19"><span class='ocrx_word' id='word_1_364' title='bbox 372 4000 470 4053; x_wconf 85' lang='lat' dir='ltr'>sodea:</span> <span class='ocrx_word' id='word_1_365' title='bbox 489 4001 617 4071; x_wconf 78' lang='lat' dir='ltr'>exipsius</span> <span class='ocrx_word' id='word_1_366' title='bbox 637 3998 694 4052; x_wconf 85' lang='lat' dir='ltr'>aula</span> <span class='ocrx_word' id='word_1_367' title='bbox 713 4000 782 4052; x_wconf 90' lang='lat' dir='ltr'>Ditis</span> <span class='ocrx_word' id='word_1_368' title='bbox 796 3998 881 4055; x_wconf 86' lang='lat' dir='ltr'>adhuc</span> <span class='ocrx_word' id='word_1_369' title='bbox 926 4014 970 4054; x_wconf 89' lang='lat' dir='ltr'>tur</span> <span class='ocrx_word' id='word_1_370' title='bbox 990 4002 1190 4055; x_wconf 86' lang='lat' dir='ltr'>amaritudinem</span> <span class='ocrx_word' id='word_1_371' title='bbox 1213 4003 1352 4067; x_wconf 75' lang='lat' dir='ltr'>carminis,</span> <span class='ocrx_word' id='word_1_372' title='bbox 1374 4020 1431 4072; x_wconf 77' lang='lat' dir='ltr'>qua</span> 
     </span>
     <span class='ocr_line' id='line_1_41' title="bbox 372 4077 1431 4153; baseline 0.001 -23"><span class='ocrx_word' id='word_1_373' title='bbox 372 4079 473 4132; x_wconf 80' lang='lat' dir='ltr'>laedunt</span> <span class='ocrx_word' id='word_1_374' title='bbox 490 4081 567 4150; x_wconf 73' lang='lat' dir='ltr'>ignea</span> <span class='ocrx_word' id='word_1_375' title='bbox 581 4077 651 4131; x_wconf 91' lang='lat' dir='ltr'>dicta</span> <span class='ocrx_word' id='word_1_376' title='bbox 670 4078 728 4132; x_wconf 78' lang='lat' dir='ltr'>siri.</span> <span class='ocrx_word' id='word_1_377' title='bbox 745 4104 756 4125; x_wconf 81' lang='grc' dir='ltr'>ι</span> <span class='ocrx_word' id='word_1_378' title='bbox 772 4080 881 4133; x_wconf 85' lang='lat' dir='ltr'>Mollius</span> <span class='ocrx_word' id='word_1_379' title='bbox 924 4080 963 4135; x_wconf 89' lang='lat' dir='ltr'>illi</span> <span class='ocrx_word' id='word_1_380' title='bbox 978 4100 1028 4151; x_wconf 91' lang='lat' dir='ltr'>pro</span> <span class='ocrx_word' id='word_1_381' title='bbox 1050 4082 1102 4134; x_wconf 87' lang='lat' dir='ltr'>telo</span> <span class='ocrx_word' id='word_1_382' title='bbox 1122 4082 1184 4146; x_wconf 82' lang='lat' dir='ltr'>luit,</span> <span class='ocrx_word' id='word_1_383' title='bbox 1205 4083 1236 4153; x_wconf 84' lang='lat' dir='ltr'>iu</span> <span class='ocrx_word' id='word_1_384' title='bbox 1252 4079 1374 4135; x_wconf 86' lang='lat' dir='ltr'>inimicos</span> <span class='ocrx_word' id='word_1_385' title='bbox 1391 4078 1431 4131; x_wconf 90' lang='lat' dir='ltr'>di·</span> 
     </span>
     <span class='ocr_line' id='line_1_42' title="bbox 371 4151 1182 4230; baseline 0.002 -19"><span class='ocrx_word' id='word_1_386' title='bbox 371 4160 451 4229; x_wconf 85' lang='lat' dir='ltr'>paulo</span> <span class='ocrx_word' id='word_1_387' title='bbox 473 4156 544 4212; x_wconf 90' lang='lat' dir='ltr'>istud</span> <span class='ocrx_word' id='word_1_388' title='bbox 566 4158 729 4213; x_wconf 84' lang='lat' dir='ltr'>Theocriti:</span> <span class='ocrx_word' id='word_1_389' title='bbox 750 4151 773 4212; x_wconf 80' lang='grc' dir='ltr'>ὁ</span> <span class='ocrx_word' id='word_1_390' title='bbox 794 4180 881 4230; x_wconf 76' lang='lat' dir='ltr'>pauca·</span> <span class='ocrx_word' id='word_1_391' title='bbox 924 4160 1066 4215; x_wconf 80' lang='lat' dir='ltr'>strinxisse.</span> <span class='ocrx_word' id='word_1_392' title='bbox 1078 4161 1182 4216; x_wconf 81' lang='lat' dir='ltr'>Gacan.</span> 
     </span>
    </p>
   </div>
   <div class='ocr_carea' id='block_1_6' title="bbox 0 0 1554 5125">
    <p class='ocr_par' dir='ltr' id='par_1_6' title="bbox 0 0 1554 5125">
     <span class='ocr_line' id='line_1_43' title="bbox 0 0 1554 5125; baseline 0 5"><span class='ocrx_word' id='word_1_393' title='bbox 0 0 1554 5125; x_wconf 95' lang='lat' dir='ltr'> </span> 
     </span>
    </p>
   </div>
  </div>
 </body>
</html>
