3100 5125
369 585 436 656 ¹7²
639 565 679 630 C.
702 562 869 634 PLINII
893 564 1002 636 NAT.
1026 565 1154 654 HtsT.
1186 633 1189 638 .

366 692 507 764 Catulus
531 695 565 762 in
585 694 699 783 eadem
727 695 797 765 aede
812 698 922 790 posuit
931 696 1069 791 palliata
1087 723 1095 765 ε
1115 710 1149 766 et
1163 695 1304 764 alterum
1319 695 1433 766 colos-

366 790 491 875 sicou'³
516 800 670 869 nudum:
691 803 884 897 primusque
908 796 1040 873 artem²⁴
1060 804 1243 872 toreuticen
1255 805 1434 898 aperuisse

366 922 465 1002 atque
484 907 726 977 demonstrasse
742 911 859 978 merito
872 909 1050 1003 judicatur.

277 1026 281 1034 ⁴
330 1022 349 1070 6
420 1012 605 1108 Polycletus
615 1002 639 1040 ’⁵
661 1016 833 1109 Sicyonius
854 1015 1007 1110 Ageladae
1031 1012 1230 1109 discipuluS,
1247 1013 1432 1084 Diadume·

365 1143 446 1188 num
470 1119 548 1188 lecit
566 1118 708 1189 molliter
731 1122 889 1215 juvenem
899 1111 936 1206 ²⁶,
962 1135 1096 1192 centiam
1122 1120 1253 1189 talentis
1275 1118 1432 1189 nobilita·

366 1304 444 1382 tur),
459 1331 522 1365 nam
542 1313 612 1366 valet
635 1311 669 1366 ad
687 1331 780 1366 omues
801 1311 875 1379 dies3
921 1313 1004 1367 Multa
1033 1333 1064 1367 ex
1091 1313 1133 1366 lais
1153 1311 1282 1366 delibavit
1300 1323 1361 1366 ante
1383 1329 1433 1362 uos

366 1393 408 1449 vel
433 1393 601 1464 Respiciens,
623 1391 657 1446 sd
681 1412 759 1464 opem
789 1393 875 1447 seren·
920 1394 1035 1446 Brisson.
1051 1392 1084 1446 de
1104 1393 1191 1445 Fortu.
1211 1393 1239 1456 l,
1254 1410 1313 1462 pag.
1337 1390 1382 1444 ⁵2.
1398 1391 1431 1444 In

367 1471 429 1525 dam
451 1491 459 1526 z
483 1472 525 1525 vel
549 1473 631 1538 Fors,
651 1485 724 1526 etc·
747 1471 876 1526 Omnium
920 1472 1137 1544 inscriptionibus
1160 1484 1250 1525 tamen
1273 1468 1429 1534 interdum,

367 1552 439 1604 euim
460 1549 577 1617 dierum,
597 1551 695 1605 nedum
715 1552 807 1618 unius,
831 1571 876 1606 seu
920 1550 1033 1623 utapud
1048 1551 1209 1615 lleinesiurn,
1221 1571 1249 1623 p.
1261 1551 1334 1620 398:
1351 1567 1431 1601 arsur·

368 1644 439 1685 certe
449 1631 574 1702 alicujus,
586 1633 641 1684 sire
656 1631 736 1701 hujus
749 1645 795 1684 aut
808 1631 878 1684 illius
921 1650 1017 1684 sarnus.
1040 1649 1151 1684 avarsus
1169 1649 1231 1684 soca
1249 1649 1301 1701 pro
1318 1631 1432 1700 hujusque

369 1709 424 1764 diei
437 1711 580 1764 Fortunam
598 1711 748 1781 hujusmodi
763 1711 879 1782 appella·
921 1709 970 1763 loci
980 1711 1101 1782 legimus.
1112 1711 1202 1765 Hanu.

370 1790 442 1843 done
463 1790 562 1862 signari
584 1791 678 1852 Cicero
704 1789 807 1864 liquido
831 1789 879 1844 de·
965 1790 1010 1845 23.
1027 1791 1173 1844 Colossicoa.
1197 1792 1238 1842 Its
1251 1787 1329 1841 MSS.
1343 1785 1431 1840 Credo

370 1882 514 1934 monstrat,
526 1884 635 1941 propter
645 1889 722 1933 earu,
737 1889 818 1942 quam
832 1869 880 1923 ad·
922 1869 994 1924 idem
1011 1889 1065 1924 esse
1082 1869 1156 1941 qnod
1170 1870 1326 1924 colosseum.
1340 1867 1431 1930 Esau.

369 1949 456 2020 jungit
477 1950 631 2004 rationem:
654 1976 665 1996 ·
679 1951 746 2004 Nam
765 1951 835 2004 valet
852 1950 880 2002 iu
966 1956 1011 2012 si.
1034 1951 1175 2022 Primusque
1201 1961 1275 2000 artem
1303 1949 1432 1999 ronuticeu

371 2047 465 2082 omnes
476 2029 544 2082 dies.¹
557 2055 568 2076 ι
585 2030 652 2094 Quae
665 2031 735 2082 ratio
747 2049 803 2084 non
819 2048 882 2082 con·
923 2035 1051 2100 aperuisse.
1075 2029 1272 2106 Contaminata
1297 2025 1432 2097 periecta-

372 2121 468 2174 staret,
486 2109 507 2161 si
527 2108 561 2161 ad
583 2128 666 2162 uuum
679 2109 795 2182 aliquem
810 2109 880 2163 diem
923 2128 977 2180 que
990 2112 1042 2180 jam
1056 2109 1120 2163 artis
1131 2109 1261 2162 rationem
1274 2118 1433 2160 monstrasse

372 2190 429 2259 ejus
451 2188 568 2240 numinis
584 2201 701 2258 peresus
722 2203 880 2256 arctaretur,
923 2191 1055 2260 intellige,
1069 2207 1129 2261 quas
1148 2189 1222 2260 prius
1238 2200 1295 2241 erat
1310 2185 1433 2240 inchoata

372 2279 467 2320 ettam
486 2268 602 2339 angustis
619 2268 750 2322 limitibus
767 2270 881 2322 eircum-
924 2280 1026 2322 tantum
1041 2282 1068 2322 et
1086 2265 1181 2322 rudis:
1202 2285 1264 2321 nam
1280 2269 1433 2329 Anacreon,

372 2347 541 2399 scriberetur.
559 2347 627 2400 Sane
643 2348 712 2401 hauc
736 2347 791 2400 vim
811 2348 882 2402 vocis
924 2349 970 2420 qui
1006 2346 1170 2420 Olympiade
1204 2365 1280 2400 nxxtr
1312 2343 1431 2416 ponitur,

373 2428 429 2497 ejus
442 2428 647 2499 esse‚lrujusque,
660 2439 689 2479 ut
701 2430 883 2499 uniuscujusque
925 2428 977 2482 hoc
996 2441 1049 2492 est,
1069 2439 1129 2481 ante
1149 2425 1272 2480 Phidiam
1286 2425 1363 2479 annis
1378 2424 1432 2478 tere

373 2506 513 2577 significet.
537 2505 629 2559 docuit
651 2504 754 2560 dudum
782 2507 884 2560 Marius
927 2527 972 2577 90,
994 2511 1132 2580 τοριυτικῆς
1159 2495 1294 2571 meminit',
1320 2503 1433 2575 fierique

373 2587 531 2640 Victorinus
537 2587 614 2651 Afer,
626 2586 661 2640 de
673 2587 883 2659 orthographia,
895 2612 899 2619 ·
925 2588 975 2641 sibi
991 2580 1107 2659 postulat
1121 2606 1135 2641 a
1148 2588 1269 2641 Vulcano
1289 2584 1432 2656 poculum,

373 2668 447 2737 cujus
456 2667 536 2718 verba
548 2666 658 2719 recitare
666 2686 753 2738 opertu
764 2668 883 2739 pretium
926 2668 954 2721 in
973 2686 1028 2739 quo
1048 2686 1098 2722 uec
1116 2684 1189 2719 arma
1209 2666 1277 2729 siut,
1294 2682 1345 2717 uec
1367 2675 1434 2717 astra

374 2747 472 2798 inierit:
490 2746 546 2797 «Et
565 2746 689 2817 hujusce,
705 2759 732 2799 et
750 2749 883 2817 hujusque
926 2746 1030 2813 calata,
1050 2744 1096 2800 sed
1118 2745 1218 2799 vitibus
1239 2762 1296 2797 uvae
1316 2744 1435 2807 inserte,

373 2837 448 2876 recte-
457 2824 616 2889 scribuntur,
625 2822 671 2877 sed
683 2844 731 2877 sno
741 2824 801 2888 loco
812 2838 884 2879 utra·
926 2838 975 2881 etc.
983 2827 1017 2879 11.
1033 2828 1170 2879 -Artem
1184 2827 1312 2877 toreuticen
1328 2826 1434 2895 speruu-
1525 2885 1534 2899 ⁹

374 2921 435 2975 que.
461 2904 530 2957 Nam
550 2904 582 2955 ab
604 2904 687 2957 hocce
709 2904 739 2958 lit
763 2905 882 2976 hujusce.
925 2926 966 2972 ss,
979 2905 1093 2959 erudis
1106 2906 1253 2969 toreutice,
1266 2903 1436 2957 l'urtdubus·

374 2984 616 3053 Hujusqueautem
641 2981 713 3036 aliud
739 2984 883 3056 siguificat,
926 2986 1002 3053 relies.
1028 2986 1088 3038 Jam
1114 2986 1201 3038 iuerat
1222 2997 1248 3039 et
1271 2984 1356 3037 multo
1377 2993 1436 3036 aute

374 3061 403 3115 id
433 3075 489 3126 est,
519 3063 738 3134 uniuscnjusque.
759 3090 771 3112 ι
804 3063 884 3134 Apud
928 3065 1052 3119 Phidiam
1066 3064 1210 3131 toreutice3
1230 3075 1258 3117 at
1273 3081 1331 3116 eam
1345 3061 1437 3133 exqui-

375 3142 405 3195 P.
416 3140 571 3207 Victorem,
585 3142 613 3194 iu
633 3139 813 3215 descriptione
832 3145 885 3198 Ur·
926 3145 1017 3201 sitiore
1030 3157 1085 3197 arte
1098 3144 1202 3214 aperuit
1211 3156 1238 3197 et
1244 3140 1438 3195 demonstravit

373 3221 429 3286 bis,
455 3217 572 3292 ¹regione
606 3220 722 3289 decima,
750 3224 883 3295 legimus,
926 3223 1043 3278 Phidias.
1058 3222 1101 3277 Sic
1114 3223 1192 3277 multi
1207 3222 1360 3276 exstiterant
1370 3220 1440 3273 scul-

269 3321 272 3331 ¹
374 3318 450 3354 rrcvs
463 3319 591 3364 curvsovu
611 3319 689 3367 orus,
709 3301 884 3356 hauddubie
928 3316 1075 3376 ptores‚et
1095 3316 1181 3357 umen
1196 3301 1336 3374 sculpture
1351 3312 1438 3353 artem

372 3398 424 3451 pro
450 3400 524 3434 vrcvs
552 3399 684 3443 uvtvsoru
715 3400 787 3436 urar.
814 3382 884 3437 Nam
928 3384 1030 3455 aperuit
1056 3394 1082 3435 et
1110 3376 1300 3437 demonstravit
1323 3379 1438 3433 Michsel

375 3461 526 3530 complures
541 3460 615 3514 urbis
630 3461 720 3515 Romae
733 3462 806 3515 vicos
821 3480 836 3514 a
850 3460 882 3513 ii·
928 3463 1055 3534 Angelus.
1077 3462 1161 3515 Broc.

373 3538 476 3592 ultimis
507 3540 629 3593 Fortunas
657 3542 760 3614 templis
784 3560 883 3594 nomeu
969 3545 1013 3595 25.
1029 3542 1175 3613 Polycletus.
1191 3542 1352 3600 Πολύκλιιτος
1368 3539 1438 3592 Pau-

374 3619 481 3673 traxisse
497 3639 529 3672 ex
552 3620 583 3672 P.
594 3620 703 3673 Victore
723 3622 817 3693 liquet.
839 3620 884 3673 Sic
927 3620 1195 3692 sauiu,coeterisque.
1207 3619 1296 3672 llsan.

375 3698 498 3753 Fortuna
508 3698 686 3770 Obsequentis
699 3700 785 3753 vicum
796 3701 824 3751 in
831 3700 886 3770 pri·
968 3706 1012 3754 αδ.
1029 3700 1206 3753 Diadumenum
1211 3700 1276 3767 fecit
1285 3697 1389 3749 molliter
1395 3698 1440 3767 ju·

374 3798 418 3831 ma
441 3780 549 3850 regione
572 3780 677 3833 statuit:
692 3780 883 3851 Respicieutis‚
929 3800 1014 3833 renem.
1026 3780 1182 3844 Mitratum,
1193 3778 1332 3841 vittatam,
1346 3776 1440 3829 inscis-

374 3858 402 3910 iu
422 3856 539 3922 decima,
557 3857 675 3929 aliosque
692 3858 780 3913 alibi:
801 3860 884 3911 huuc·
927 3872 984 3913 tum
998 3859 1139 3931 intelligit,
1153 3858 1242 3931 quales
1254 3858 1363 3911 fuerunt
1377 3856 1441 3909 Per-

374 3956 426 4009 que
446 3939 533 4008 ipsum
553 3938 640 3991 locnru
664 3938 824 4009 Onuphrius
845 3939 883 3991 sic
927 3958 1015 3992 surum
1036 3938 1156 4002 nobiles,
1182 3938 1232 3991 riri
1248 3942 1291 3990 τοῦ
1309 3930 1439 3989 tratum

375 4015 473 4078 edidit,
495 4036 526 4071 ex
548 4016 625 4071 MSS.
646 4036 728 4070 vtcvs.
748 4036 881 4081 uvtvsovu
927 4020 970 4078 riu
989 4020 1093 4089 arpotis
1112 4019 1195 4089 μίτρᾳ.
1213 4014 1330 4082 Quidam
1347 4015 1440 4087 legunt

375 4113 447 4149 nrm.
474 4116 551 4150 roar.
578 4115 640 4151 uun.
662 4098 729 4163 Quo
749 4110 881 4167 postrema
926 4097 1146 4162 Dirdsmumsnon,
1163 4094 1258 4160 idest,
1272 4092 1437 4161 diademate,

375 4176 453 4227 verbs
477 4174 559 4229 odem
579 4176 703 4231 Fortuna
723 4176 879 4247 significant.
925 4177 980 4231 sire
999 4179 1072 4249 regio
1089 4177 1181 4249 capitis
1196 4175 1292 4245 insigni
1306 4186 1439 4229 ornatum.
