3100 5125
364 537 434 622 354
632 541 669 606 C.
698 536 866 604 PLINII
891 538 1000 608 NAT.
1027 540 1152 606 HIST.

362 655 538 742 subsidio⁸³
569 661 693 761 injuriae
714 683 748 738 et
775 669 961 753 vetustatis,
983 683 1020 736 ut
1049 668 1227 738 decedente
1256 673 1430 766 superiore

360 779 496 846 inferior
514 773 712 844 succederet.
730 775 791 842 Est
808 774 842 842 in
859 797 898 842 ea
917 775 1007 842 canis
1027 775 1109 844 mire
1129 775 1251 859 lactus,
1274 793 1311 846 ut
1325 804 1429 872 quem

361 885 483 976 pariter
507 905 602 949 casus
620 880 762 973 pinxerit
772 865 809 944 ⁸⁴.
839 881 917 948 Non
935 879 1104 970 judicabat
1126 904 1160 950 se
1182 884 1367 975 exprimere
1392 886 1429 951 in

360 1015 401 1058 eo
417 1009 567 1080 spumant
582 983 766 1052 anhelantis
780 970 920 1077 posse⁸⁵,
930 1009 1031 1078 quum
1043 987 1076 1052 in
1090 985 1214 1079 reliqua
1230 989 1318 1056 omni
1331 1005 1429 1082 parte

310 1109 343 1177 ³9
361 1089 469 1188 (quod
479 1089 707 1160 difficillimum
718 1079 811 1179 erat)
825 1090 886 1158 sibi
900 1093 968 1184 ipse
986 1090 1204 1162 satisfecisset.
1220 1093 1427 1188 Displicebat

361 1213 472 1268 autem
491 1221 546 1264 ars
564 1197 653 1290 ipsa,
673 1220 734 1263 nec
757 1197 861 1264 minui
885 1209 1036 1289 poterat,
1059 1210 1092 1264 et
1113 1197 1287 1268 videbatur
1305 1201 1424 1286 nimia,

360 1400 472 1454 stodiam
496 1397 700 1470 prestantibus,
722 1414 814 1450 recens
833 1410 872 1450 ts·
915 1398 1018 1450 induit.
1033 1396 1200 1462 llodiemos,
1211 1396 1302 1462 credo,
1310 1400 1427 1470 pictores

359 1476 672 1547 bolulacileeil‘ugit3ab
689 1487 762 1528 etate
776 1476 870 1528 vitium
913 1478 975 1530 latet
1000 1478 1052 1530 boc
1077 1477 1227 1530 artificium.
1248 1477 1427 1532 11.-11ut‹.·

360 1579 416 1614 non
426 1555 608 1621 metuithnud
621 1552 657 1608 ita
665 1566 721 1608 tuta
731 1555 765 1606 ab
775 1572 871 1625 sequu-
912 1559 1015 1626 pictura
1035 1567 1120 1626 quater
1137 1558 1238 1608 column
1260 1557 1363 1608 induruit.
1387 1559 1427 1609 Ut

359 1633 870 1709 tmsinjumuquumpostlongamdicm
914 1635 1014 1688 diutius
1033 1647 1198 1688 servarentur
1216 1636 1328 1699 tubulas,
1341 1636 1427 1706 viguit

360 1716 607 1776 securiushabetur‚
616 1713 871 1784 obsequuturositu:
915 1715 943 1766 in
956 1715 1066 1768 Oriente
1080 1715 1168 1768 multis
1178 1714 1259 1768 etism
1271 1727 1331 1784 post
1341 1733 1425 1768 saecu-

361 1811 387 1851 et
400 1798 456 1848 brec
470 1806 546 1857 sunt,
564 1820 575 1840 ι
593 1791 711 1845 subsidia
727 1793 831 1862 injurio
846 1803 873 1844 et
914 1793 948 1846 lis
969 1794 1014 1846 ille
1035 1812 1112 1856 usus,
1136 1811 1215 1864 quem
1239 1812 1288 1846 nos
1310 1792 1426 1846 domuere

361 1874 505 1931 vetustatis.
517 1898 528 1920 ι
541 1872 570 1925 si
580 1869 810 1925 tameniddurum
819 1871 874 1925 cui·
914 1885 1026 1942 reperte
1047 1873 1075 1924 in
1089 1872 1277 1944 antiquissimis
1298 1871 1426 1926 Christia-

362 1974 442 2026 quam
454 1949 871 2022 videatur,p0ssumusseribere:
915 1971 1012 2006 norum
1040 1951 1142 2022 templis
1170 1953 1246 2022 picto
1273 1963 1425 2008 sanctorum

363 2046 478 2089 *eontra
490 2029 594 2084 obsidia
609 2029 872 2100 injurioetveturts·
914 2031 1041 2100 imagines
1066 2031 1229 2100 tabulaeque,
1250 2049 1280 2083 ss
1303 2044 1360 2084 arte
1382 2031 1424 2084 bis

362 2113 403 2166 tis.
423 2107 871 2174 .siccolumetu,1t,8:.dum
915 2122 1007 2180 terque
1029 2109 1156 2182 repetitu.
1177 2110 1231 2174 Qui
1255 2107 1425 2172 corridere,
1452 2105 1455 2116 ⁸

362 2204 450 2245 umen
469 2208 535 2242 enus
550 2186 640 2242 sedula
659 2187 701 2239 rel
715 2206 783 2257 puer
795 2187 873 2240 adhi-
914 2201 944 2242 ut
964 2189 1054 2259 accepi
1067 2189 1101 2242 ab
1115 2207 1207 2242 eornm
1227 2189 1360 2259 epistolis,
1374 2189 1424 2242 do-

361 2271 455 2324 bratur
472 2281 559 2322 eustos
574 2266 740 2336 vagantium,
754 2284 788 2318 ne
802 2268 873 2320 obsi·
914 2281 974 2322 cent
988 2265 1098 2320 inducto
1111 2267 1221 2322 tectorio
1233 2267 1330 2338 pictam
1343 2269 1424 2322 fuisse

363 2348 415 2402 diis
425 2343 874 2402 bominumautinsidiosorumnni·
915 2348 1030 2400 tabulam
1051 2365 1058 2398 :
1080 2365 1158 2417 super
1180 2348 1278 2418 pictum
1305 2348 1422 2400 tabulatu

363 2429 473 2481 mulium
483 2425 652 2496 diripientur.
667 2450 679 2470 ι
688 2424 755 2476 Item
765 2424 812 2476 lib.
823 2426 872 2490 IX,
913 2424 1052 2478 inductum
1061 2426 1139 2479 fuisse
1150 2427 1262 2480 alterum
1271 2426 1423 2488 tectorium,

364 2527 433 2577 7²·
453 2518 544 2558 contra
558 2503 685 2558 fallacinm
707 2503 813 2567 lacerti,
826 2506 871 2575 qui
914 2519 941 2558 et
963 2507 1060 2558 iterum
1075 2506 1173 2575 pictum
1190 2505 1269 2558 fuisse
1282 2506 1422 2559 tabulatu:

363 2588 435 2641 velut
446 2599 535 2638 custos
546 2584 670 2636 vestibuli
678 2581 873 2652 prodeuntibus
914 2586 952 2637 sic
974 2586 1050 2637 enum
1067 2586 1144 2639 tertio
1158 2585 1311 2655 repetitam:
1330 2586 1423 2638 Proto·

362 2667 466 2719 inhians
481 2663 575 2733 apibus
589 2663 667 2715 affert
680 2662 807 2725 exitium,
823 2682 872 2716 ee·
913 2681 992 2733 genes
1011 2664 1089 2715 etism
1110 2677 1137 2717 et
1157 2676 1260 2735 quarto.
1281 2666 1322 2717 Ex
1348 2666 1421 2730 Brot.

362 2764 416 2816 que
445 2742 584 2815 pauciores
612 2741 762 2805 intereunt,
788 2760 871 2812 quum
913 2755 982 2797 nott.
998 2741 1032 2793 ad
1046 2743 1116 2795 hunc
1128 2743 1174 2796 lib.
1187 2745 1241 2797 En.

362 2825 426 2877 licet
439 2822 522 2876 vitare
535 2820 616 2891 pestis
626 2818 727 2873 obsidia
740 2838 790 2889 per
799 2820 872 2874 uliud
955 2821 1001 2877 83.
1016 2820 1136 2874 Subsidio.
1149 2820 1273 2875 Subsidio
1281 2835 1373 2877 contra
1383 2824 1422 2875 iu-

362 2901 520 2957 vadentibus
535 2899 673 2971 effugium.
690 2924 701 2947 ι
716 2897 819 2951 Eodem
839 2900 870 2951 li·
912 2901 1008 2971 jurium
1030 2902 1172 2955 vetustatis.
1201 2900 1234 2953 ll.
1256 2932 1296 2943 -
1311 2902 1423 2955 Subsidio

363 2983 428 3039 bro,
444 2997 535 3049 cap-9
554 2998 560 3030 :
582 3004 593 3026 ι
609 2979 659 3031 nisi
673 2978 802 3031 curatoris
823 2980 872 3031 ob·
915 2982 1026 3049 mjrrrioe,
1048 2993 1097 3033 etc.
1118 2981 1193 3035 MSS.
1211 2992 1277 3033 vett.
1299 2994 1326 3035 et
1341 2980 1423 3035 editio

363 3059 431 3113 sidio
444 3059 568 3131 protinus
583 3054 685 3127 eicepti
698 3069 778 3121 sunt,
792 3054 872 3109 diftu-
914 3059 1051 3129 princeps,
1063 3071 1146 3111 contra
1161 3060 1282 3124 subsidia,
1301 3072 1351 3113 etr.
1365 3062 1423 3113 sine

361 3140 446 3209 giunt.
475 3163 487 3185 ι
514 3136 570 3189 Nec
598 3136 709 3189 minoris
738 3136 872 3205 elegantior
915 3138 970 3191 ullo
986 3138 1040 3191 iere
1057 3157 1143 3193 sensu.
1158 3140 1231 3192 Brut.
1248 3139 1342 3192 omissa
1356 3158 1422 3209 pru·

362 3218 455 3271 obsidio
465 3214 537 3288 apud
553 3216 689 3279 Plautum,
700 3215 872 3281 Ciceronem,
913 3216 1060 3287 positione,
1070 3218 1176 3271 subsidia
1186 3220 1294 3287 injuria,
1307 3231 1359 3271 etc.
1370 3220 1421 3271 En.

362 3298 488 3349 Plinium.
518 3296 582 3372 Iste!
603 3294 709 3347 Asinar.
739 3307 790 3346 act.
818 3296 868 3355 11.
955 3299 998 3361 84
1025 3296 1059 3348 Ut
1082 3318 1148 3367 quem
1167 3301 1260 3368 pariter
1279 3318 1348 3349 casus
1368 3302 1422 3367 pin·

362 3394 434 3430 scen.
453 3394 494 3439 ιι,
519 3392 587 3426 vers.
607 3380 666 3436 πάι
693 3373 817 3425 -lterum
843 3372 870 3425 in
913 3377 983 3427 serit.
1010 3375 1077 3427 Cum
1110 3391 1180 3441 arte,
1203 3378 1245 3429 rel
1270 3394 1331 3429 cum
1357 3377 1420 3429 urti-

362 3453 499 3507 0bsidione
520 3453 640 3523 linquet,
661 3452 796 3505 inimicitm
817 3452 871 3505 ani·
914 3453 1018 3506 iice.1n
1029 3454 1104 3507 libris
1113 3456 1238 3509 hactenus
1249 3455 1421 3519 editis,casus

362 3552 420 3585 mos
433 3532 567 3587 auxerit.»
581 3533 657 3584 Alter
671 3531 755 3601 Epist.
771 3530 803 3583 ad
822 3532 870 3585 Fe·
913 3544 937 3584 et
954 3553 1003 3586 ars.
1018 3532 1070 3590 Sed
1086 3534 1130 3587 lies
1145 3554 1221 3587 voees
1239 3547 1263 3586 et
1283 3555 1323 3586 ars
1342 3535 1421 3588 MSS.

362 3612 459 3665 miliar.
469 3613 580 3676 lib.Vl‚
592 3631 619 3663 n.
635 3611 649 3665 5
664 3631 670 3661 :
688 3636 698 3655 ·
712 3628 763 3661 nec
776 3625 869 3679 putant
913 3630 1004 3665 omnes
1025 3632 1075 3683 pro
1100 3614 1190 3667 nothis
1212 3614 1318 3669 habeut.
1333 3616 1368 3667 H.
1382 3648 1420 3656 —

362 3691 387 3745 ei
404 3711 528 3746 nummos
546 3688 635 3742 deesse
658 3707 750 3759 posse,
772 3690 818 3758 qui
838 3709 868 3741 ex
913 3693 985 3743 Brot.
997 3710 1104 3763 quoque
1115 3712 1247 3747 easroces
1259 3692 1338 3747 delet.
1355 3694 1406 3745 En.

361 3770 499 3823 obsidione
515 3770 684 3821 funeratores
702 3770 837 3820 exemerit.
854 3794 865 3815 ι
954 3770 999 3825 85,
1014 3772 1155 3841 Exprimm
1171 3776 1196 3823 [a
1210 3792 1238 3824 ω
1252 3792 1358 3841 spumam
1378 3790 1420 3821 an.

360 3850 467 3902 Tertius
484 3848 511 3899 in
525 3848 619 3915 Paneg.
641 3873 652 3893 ι
667 3863 715 3899 nec
735 3844 868 3899 mediocre
913 3850 1014 3901 tetanus
1026 3870 1103 3919 passu
1124 3852 1198 3903 Brot.
1221 3863 1282 3921 post
1302 3851 1419 3903 Gronov.

359 3928 431 3998 pacis
459 3926 539 3979 decus
569 3924 715 3978 habebatur
747 3926 870 3981 submotu
914 3946 944 3981 ex
956 3927 1129 4000 codd.liegg.
1142 3931 1251 4000 aliisque
1264 3943 1291 3985 et
1305 3928 1420 3981 editione

359 4006 459 4077 campis
473 4005 585 4073 irruptio
605 4004 731 4065 ferarum,
751 4017 778 4056 et
798 4005 870 4057 obsi·
912 4008 1034 4078 principe
1055 4010 1178 4061 ultimum
1200 4010 1272 4061 delet
1294 4010 1418 4067 verbum,

359 4083 438 4138 dione
452 4082 565 4155 quadem
587 4082 713 4135 liberatus
729 4084 869 4154 agrestium
913 4084 985 4156 quod
1003 4087 1079 4140 nobis
1100 4106 1160 4141 sane
1175 4088 1338 4158 superlluere
1359 4106 1420 4141 con·

358 4163 441 4217 labor.
459 4190 469 4210 ι
492 4163 582 4215 Giton.
599 4194 634 4203 —
655 4163 749 4231 Quater
767 4165 868 4215 colorem
914 4177 971 4217 siut.
989 4164 1040 4217 En.
