3100 5125
495 528 654 596 LIBER
678 527 840 596 XXXV.
1135 522 1203 600 301⁴

143 656 263 728 bibitur
281 673 317 727 et
335 673 453 728 contra
473 657 597 728 lienum
620 676 737 726 renum
761 681 803 728 ue
825 657 919 739 uitia,
941 671 975 725 et
994 661 1206 753 purgationes

145 766 351 834 feminarum.
360 768 445 834 Item
455 779 487 832 et
500 778 617 837 contra
626 787 753 833 venena
767 814 777 846 ,
790 777 824 831 et
833 763 1034 857 serpentium
1044 765 1129 836 ictus
1138 781 1204 837 ter-

142 874 295 940 restrium
309 872 596 963 marinorumque,
608 869 761 938 omnibns
769 868 844 937 ideo
854 867 1009 940 antidotis
1020 869 1199 944 familiaris.

190 979 268 1046 XV.
287 981 340 1046 Ex
360 975 492 1070 reliquis
510 977 652 1044 rubricae
670 973 865 1070 generibus,
887 974 1005 1044 fabrie¹
1024 976 1198 1048 utilissima
1218 1020 1229 1051 ι

141 1085 291 1176 AEgyptia
302 1097 337 1151 et
352 1083 523 1167 Africana,
532 1083 690 1175 quoniam
702 1081 843 1150 maxime
854 1079 1042 1150 sorbentur¹
1051 1085 1197 1176 picturis.

140 1189 297 1258 Nascitur
316 1203 426 1258 autem
444 1203 479 1258 et
499 1190 534 1256 in
550 1187 694 1256 ferrariis
715 1171 883 1256 metallis³.
957 1209 960 1222 ¹

189 1297 287 1364 xvt.
299 1298 401 1364 Exea
416 1294 455 1364 fit
466 1292 598 1375 ochra¹,
612 1307 726 1364 exusta
741 1292 875 1362 rubrica
886 1293 922 1362 in
938 1291 1009 1364 ollis
1020 1295 1115 1366 novis
1128 1294 1199 1366 luto
1219 1329 1231 1366 1

141 1399 341 1470 circumlitis.
362 1401 439 1489 Quo
452 1402 558 1494 magis
570 1400 651 1468 arsit
663 1401 698 1469 in
714 1400 851 1468 caminis
861 1396 883 1485 ²,
897 1399 961 1468 hoc
973 1399 1099 1470 melior.
1117 1405 1199 1472 Oru-

141 1491 201 1574 uis³
215 1522 327 1575 autem
347 1506 478 1574 rubrica
492 1509 611 1590 siccut,
632 1504 772 1598 ideoque
789 1518 823 1573 et
842 1504 1025 1598 emplastris
1042 1510 1199 1580 convenit

141 1613 205 1704 igni
222 1613 322 1680 etiarn
337 1637 443 1682 sacro.

190 1721 304 1786 xvti.
315 1717 481 1812 Sinopidis
498 1716 641 1785 Pontica
652 1714 786 1801 selibra,
800 1713 866 1786 silis
877 1713 1002 1794 'lucidi¹
1021 1716 1112 1789 libris
1128 1743 1151 1790 rr
1164 1735 1198 1790 et
1217 1759 1228 1790 t

140 1823 250 1893 melini
264 1821 607 1894 Graeciensis²duabus
618 1822 726 1890 mixtis
736 1822 886 1914 tritisque
899 1845 964 1890 una
978 1847 1038 1917 per
1051 1823 1120 1894 dies
1132 1851 1199 1911 xit,

141 2021 285 2092 tuingendi
299 2022 354 2074 viru
372 2022 509 2092 puriterut
519 2019 645 2079 Lemnia,
692 2016 930 2089 interpunctione:
952 2019 1093 2074 «Nascitur
1110 2035 1198 2077 auten

141 2102 331 2172 eebabetquoe
343 2119 415 2154 nunc
427 2097 499 2172 apud
513 2098 648 2150 noeeLu·
691 2110 719 2149 et
739 2097 767 2149 in
786 2097 902 2150 ferrarib
922 2099 1034 2152 metallis
1052 2101 1149 2165 ecbrr;
1164 2121 1197 2156 ex

141 2183 230 2233 sitruie
242 2181 385 2233 devehitur
399 2200 405 2233 z
421 2179 573 2250 pariterque
585 2196 601 2230 a
612 2177 647 2230 ei·
691 2194 721 2229 ea
736 2177 767 2230 fir
779 2189 869 2242 exusta
887 2176 1010 2244 rubrica,
1023 2190 1071 2232 etc.
1085 2205 1096 2226 ι
1121 2181 1156 2234 ite
1167 2195 1197 2234 ut

139 2251 646 2330 guoeidemimpreaeomgillatadicitur.
690 2255 763 2319 hanc,
778 2259 886 2308 nuscitur
897 2267 993 2319 autern,
1010 2269 1060 2312 etc.
1077 2260 1197 2332 sequenti

181 2339 206 2392 5.
227 2341 289 2392 Item
315 2352 339 2390 er
362 2352 444 2390 contre
464 2356 564 2388 uerene
584 2335 647 2389 liae
690 2333 949 2405 erp.aduccteutur;
963 2335 1040 2391 bene.
1054 2337 1105 2392 En.

142 2418 251 2473 totidem
264 2414 513 2471 verbiaDioacorid.
527 2417 565 2475 V,
583 2422 645 2468 ηδ.
729 2413 806 2467 XVI.
824 2431 849 2466 1.
872 2415 916 2466 Ea
933 2433 964 2486 eo
979 2413 1016 2483 fit
1036 2415 1126 2481 cedre,
1145 2431 1196 2472 etc.

143 2496 256 2552 Galenus
269 2511 297 2550 et
309 2498 402 2550 Aetius
417 2497 445 2549 ll.
460 2513 499 2550 ee.
511 2494 646 2548 Bellonius
691 2493 755 2544 Hrec
768 2489 878 2545 totidem
896 2492 984 2544 verbis
996 2493 1091 2548 Ieidor.
1103 2497 1194 2570 Origg.

142 2580 203 2632 item
216 2579 246 2631 in
259 2579 338 2632 Obee.
350 2580 380 2642 1,
394 2579 441 2631 23.
456 2574 545 2629 Haeo.
691 2572 772 2636 xlx,
787 2590 831 2642 17.
843 2570 980 2626 Cardenus
991 2573 1056 2627 item
1072 2574 1107 2628 de
1120 2576 1195 2631 Subt.

177 2658 240 2711 XV.
254 2657 507 2711 r.Fabrr'sutr'lr'uireu.
513 2656 575 2708 Non
582 2655 646 2707 item
690 2651 725 2703 V.
739 2649 793 2704 Sed
807 2665 833 2705 et
843 2652 923 2705 ocbru
934 2651 1049 2707 vicissim
1061 2668 1151 2709 exuite
1161 2656 1198 2709 ei·

141 2738 290 2793 medicinis.
304 2738 432 2802 Dicec.V,
447 2754 497 2789 na
507 2757 513 2788 r
525 2725 549 2787 ll
561 2730 592 2786 di
605 2754 646 2786 τι·
690 2729 867 2784 militudinem
878 2729 1022 2801 quamdam
1037 2732 1096 2787 lieri
1107 2735 1198 2791 rubri·

140 2818 236 2875 κτονυιὴ
243 2820 331 2887 μίλτος
339 2817 419 2874 ἥττων
431 2818 468 2877 tet
481 2814 549 2868 κατὰ
561 2814 647 2867 πάντα
690 2829 728 2863 οε
742 2823 887 2863 auctorest
902 2810 991 2864 Diorc.
1005 2811 1057 2865 loc·
1072 2813 1143 2869 citat·
1163 2816 1198 2869 Et

140 2903 182 2957 τῆς
191 2903 337 2957 Σινοπαῆς.
350 2888 426 2965 dolen
438 2891 468 2947 dl
479 2898 496 2953 a
507 2895 647 2964 Αἰγυπτιι·
690 2886 828 2963 Tbeopbr.
846 2890 988 2960 cupitline.
1002 2892 1100 2947 Γίνιτιι
1113 2894 1198 2964 purae

140 2977 236 3041 ziani
245 2972 419 3047 ttepzadnnl
428 3014 437 3039 ,
445 2987 495 3029 etc.
507 3000 519 3022 ι
530 2972 648 3026 Rubrice
690 2969 733 3022 aui
748 2971 776 3021 ἐκ
789 2973 833 3031 τῆς
852 2969 932 3039 ὧχρας
944 2975 1151 3042 aurmroplrue.
1161 2972 1197 3027 Η.

141 3056 249 3116 febrilis,
259 3069 329 3109 etc..
340 3054 433 3107 lirun.
690 3050 774 3100 -Ee
787 3069 816 3099 ea
821 3046 857 3118 fit
871 3049 954 3101 celera.
967 3048 1057 3103 Immo
1071 3070 1102 3105 ex
1116 3052 1198 3105 ocbre

181 3155 206 3188 r.
223 3134 366 3187 Sorlenrur.
391 3132 526 3193 Colorem,
550 3150 604 3202 quo
630 3149 647 3185 a
689 3140 779 3181 exuste
796 3128 826 3179 iit
848 3127 968 3192 rubrica,
990 3141 1016 3180 at
1037 3146 1069 3183 ex
1091 3132 1198 3187 rubrica

140 3216 221 3268 labris
233 3215 341 3267 rubrica
360 3231 390 3265 eu
407 3212 511 3284 gemina
525 3210 647 3282 tingitur,
688 3226 744 3260 non
753 3206 783 3259 fit
799 3204 889 3261 ochra.
903 3208 976 3260 Brot.
990 3227 1020 3259 er
1033 3228 1061 3259 en
1068 3208 1104 3278 fit
1113 3222 1198 3263 ueste

141 3295 260 3347 celeriter
274 3306 387 3365 utreque
408 3294 506 3348 sorbet,
521 3288 565 3343 Sic
576 3300 647 3344 cren
690 3287 801 3350 rubrica,
811 3284 885 3359 qnod
892 3286 994 3357 placen
1007 3288 1043 3339 ric
1052 3288 1125 3341 enim
1136 3308 1198 3343 curu

141 3392 196 3444 cup.
209 3377 256 3438 ab,
269 3400 280 3420 ι
291 3374 395 3426 rubiam
402 3372 507 3442 cogitur
512 3370 644 3423 sorbere.»
690 3367 781 3437 grecie
791 3365 943 3419 auctoribus
952 3364 1047 3419 Noster
1060 3369 1198 3425 consentit.

141 3454 223 3523 Digne
238 3454 296 3506 riau
310 3452 429 3506 &imarii
446 3452 596 3523 conjectura
607 3446 647 3501 le·
690 3446 733 3500 Cf.
749 3458 805 3498 not.
819 3464 907 3516 cuper.
920 3444 970 3497 En.

141 3532 476 3603 murdimturr'nquam
492 3546 585 3582 rocem
596 3544 648 3579 nec
733 3543 758 3577 a.
786 3526 842 3591 Quo
864 3526 942 3593 magis
963 3528 1024 3577 ursit
1045 3528 1071 3577 in
1090 3532 1198 3595 cominu,

141 3610 448 3676 letinaeauree,necloei
458 3610 649 3675 bujueeeuten-
690 3601 816 3657 etclaid.
831 3604 849 3654 1.
865 3622 888 3659 e.
906 3602 996 3656 Haeo.
1156 3654 1158 3659 ,

141 3692 174 3744 tia
189 3692 264 3744 feret.
280 3688 373 3743 Hunc.
732 3682 759 3735 3.
774 3682 868 3735 Omnis.
884 3682 1011 3748 Diosc.V‚
1025 3702 1092 3747 ιιι,
1108 3682 1142 3739 de
1155 3704 1197 3739 ru·

180 3771 209 3823 3.
222 3770 343 3824 Nascitur
358 3781 436 3821 went
456 3778 481 3821 et
497 3772 523 3819 in
533 3767 648 3833 Jt'erruriir
690 3763 765 3815 brice
774 3762 895 3815 univerae
910 3779 917 3813 :
931 3762 1036 3832 Abrupta
1047 3759 1077 3817 dl
1091 3764 1142 3833 [χιι
1156 3766 1198 3828 ξη-

142 3850 252 3903 wudu.
264 3850 310 3903 Sic
318 3862 346 3902 et
356 3850 421 3919 Reg-
434 3847 449 3901 5
462 3859 489 3901 et
498 3844 563 3899 edit.
574 3845 649 3915 prin·
690 3844 814 3915 permit,
825 3841 989 3912 iponiensiu-
1001 3842 1042 3893 Διὸ
1051 3842 1093 3895 aul
1101 3845 1198 3913 enniu-

141 3946 209 3999 oepe.
221 3929 342 3983 Gronov.
355 3940 382 3979 et
392 3929 435 3981 ΔΙ.
445 3939 505 3980 ante
516 3922 647 3978 Hrrduiu.
690 3942 755 3992 <pore
773 3922 952 3991 rpnuuurruair
967 3921 1089 3991 μίγνυται.
1105 3921 1199 3979 Huc.

144 4008 280 4062 ·Pictnrie
297 4020 384 4061 eutem
401 4018 462 4079 apte
483 4005 601 4059 mecitur
621 4015 649 4058 et
730 4002 822 4053 xvll.
843 4023 864 4053 ι.
887 3999 946 4053 Silla
964 4000 1045 4052 lucidi.
1068 4000 1126 4054 Hoc
1144 4015 1199 4069 est,

141 4086 270 4140 inferrer.
282 4087 420 4141 neutris..
433 4086 506 4139 Brot.
527 4104 559 4138 ea
570 4082 646 4137 MSS.
692 4079 796 4143 cebro,
815 4094 844 4133 ut
861 4078 977 4133 diximus
999 4078 1137 4147 xxxltr,
1152 4084 1198 4137 56.

142 4164 221 4236 ilegg.
235 4180 288 4220 eet
304 4166 460 4231 3,Hermol.
473 4162 649 4219 Pintieualie
734 4178 761 4211 a.
790 4158 944 4214 Graeeienris.
972 4156 1122 4213 Gracienre
1150 4180 1200 4233 pro
