3100 5125
474 492 630 559 LIBER
654 493 836 560 XXXIV.
1116 497 1182 582 143

95 644 176 690 sana
212 622 397 717 superficie
425 626 494 717 tegi
520 622 691 717 placuisse.
715 627 922 717 Syracusana
946 641 1024 695 sunt
1051 629 1084 697 in
1104 633 1184 701 Pan·

96 714 200 795 theo⁵
216 731 333 823 capita
343 728 576 799 columnarum
590 733 667 799 aM.
681 732 832 824 Agrippa
846 732 962 825 posita.
978 735 1182 821 Quinetiam

97 836 240 927 privata
255 834 428 930 opolentia
442 860 484 905 eo
498 835 599 905 modo
612 852 773 931 usurpata
787 852 846 907 est.
866 838 1007 907 Camillo
1022 841 1109 911 inter
1126 847 1185 915 ori·
1286 842 1288 847 ’

98 942 192 1007 mina
228 942 357 1035 objecit
380 943 439 1037 sp.
463 940 628 1011 Carvilius
651 959 816 1036 quaestor,
845 943 934 1037 quod
965 960 1066 1015 aerata
1100 952 1184 1020 ostia

99 1047 251 1116 haberet
264 1051 301 1117 in
316 1048 430 1116 domo.

155 1155 261 1222 Vlll.
276 1154 365 1223 Nam
382 1152 523 1223 triclinia
538 1153 863 1249 aemta¹,ohaoosque
873 1152 896 1239 ²,
911 1170 945 1225 et
961 1148 1182 1254 monopodia³
1202 1204 1214 1238 ¹

101 1264 164 1327 Cu.
197 1259 369 1329 Manlium
404 1262 481 1329 ssia
505 1260 635 1329 devicta
658 1263 802 1355 primam
821 1263 986 1333 invenisse
1008 1267 1182 1363 triumpho

101 1392 182 1447 suo,
205 1391 311 1460 quem
332 1366 427 1435 duxit
443 1366 547 1435 Urbis
556 1391 644 1436 anno
659 1356 968 1455 oaxv11‚L.Piso⁴
987 1387 1104 1443 auctor
1121 1389 1181 1445 est.

103 1473 225 1541 Antias
242 1472 380 1566 quidem
399 1476 437 1541 L.
460 1476 617 1547 Crassum
638 1472 804 1543 heredem
821 1477 860 1543 L.
879 1463 1006 1545 Crassi⁵
1024 1482 1182 1569 oratoris,

103 1577 213 1647 multa
234 1581 338 1647 etiam
352 1577 493 1647 triclinia
514 1594 614 1649 aerata
627 1579 822 1649 vendidisse.
842 1583 893 1649 Ex
910 1607 974 1651 oere
989 1583 1181 1657 factitavere

102 1701 136 1753 et
153 1670 339 1768 cortinas⁶,
353 1684 523 1779 tripodum
542 1687 679 1755 nomine
696 1686 894 1781 Delphicas,
912 1693 1069 1783 quoniam
1086 1692 1181 1763 donis

105 1923 249 1996 probanda
270 1924 376 1987 subeat,
397 1936 448 1978 sto.
465 1950 477 1971 ·
495 1924 530 1977 Et
542 1925 625 1996 paalo
668 1936 778 1991 aratos,
798 1936 896 1978 vestem
916 1928 1060 1999 stragalum
1080 1932 1180 2002 pretio·

106 2019 192 2075 post:
213 2031 227 2053 ι
247 2006 316 2060 Arte
331 2004 470 2076 Syracosia
485 2022 626 2075 suspensas
667 2004 916 2075 sam,monopodia
926 2020 952 2061 et
961 2009 1058 2063 abacos
1069 2011 1182 2065 Romam
1229 2006 1233 2015 ’

107 2088 206 2137 insere
219 2084 313 2137 clauso
323 2083 381 2135 Stat
396 2084 491 2154 globus
503 2085 625 2137 immensi
668 2083 850 2148 advexerunt,
867 2099 917 2138 etc.
934 2112 946 2133 ι
964 2088 1056 2143 lisso.

107 2184 190 2235 parva
207 2164 298 2235 figura
320 2163 387 2235 poli.
404 2164 440 2216 Et
458 2177 586 2235 quantum
610 2183 623 2216 a
710 2164 737 2218 5.
759 2166 790 2217 L.
814 2164 905 2219 Crassi.
927 2166 1043 2241 De'quo
1063 2166 1182 2226 diximus

106 2244 235 2306 sommis,
256 2254 362 2295 tamam
383 2244 488 2295 secessit
509 2244 542 2296 ab
564 2243 626 2297 imis
667 2244 776 2310 xvnt,
798 2244 826 2296 3.
849 2246 876 2297 Is
900 2246 1035 2301 Licinium
1056 2249 1181 2305 Crastm

107 2326 211 2377 Tem:
228 2322 306 2393 qaod
329 2336 360 2375 ut
383 2321 444 2388 fist,
468 2324 554 2377 forma
578 2342 625 2375 ro·
667 2324 834 2395 Scipionem,
859 2342 890 2377 ex
913 2325 967 2377 filia
989 2342 1115 2399 nepotem
1134 2330 1182 2385 ad·

108 2402 191 2455 tanda
218 2404 292 2455 facit.
317 2403 368 2454 Par
397 2401 476 2455 facies
502 2403 622 2473 templit
667 2404 784 2473 optavit,
794 2402 981 2475 haeredemque
994 2407 1127 2473 instituit,
1141 2410 1182 2462 vi·

108 2484 197 2537 nullm
215 2482 354 2554 procurrit
369 2481 397 2533 ia
417 2482 466 2534 illo
483 2482 623 2553 Appulus:
666 2501 728 2537 ram
748 2500 853 2535 sommo
874 2482 995 2555 ingenio,
1011 2499 1075 2540 teste
1091 2488 1182 2543 Tullio

109 2562 234 2634 :pluvio
252 2559 372 2616 vindieat
384 2561 472 2617 imbre
488 2560 587 2618 tholus.
608 2588 621 2612 ι
666 2565 694 2616 ia
711 2562 803 2616 Bruto.
817 2560 911 2618 Hiar).

109 2643 201 2696 lisso.
708 2643 1049 2698 6.Etoortiaas.Cortinam
1059 2647 1181 2704 hocloco

149 2723 176 2776 5.
184 2724 216 2775 la
226 2722 350 2775 Pontico.
359 2719 441 2786 Quod
451 2722 496 2774 ille
505 2722 625 2792 perfecit,
667 2741 785 2776 menum
793 2721 1009 2793 interpretamur,
1017 2744 1077 2796 quse
1086 2729 1181 2800 pocula

109 2807 228 2873 Augusto
242 2819 361 2864 nonum,
374 2801 414 2854 M.
433 2801 516 2853 Ionio
535 2803 624 2856 Silano
667 2803 822 2867 sustineret,
833 2802 878 2854 cui
892 2804 1027 2874 Delphico
1037 2824 1135 2862 nomen
1147 2827 1180 2863 ex

109 2902 173 2936 onas.
186 2884 291 2934 Auctor
300 2880 451 2946 nio,1.111,
464 2900 493 2951 p.
510 2880 576 2936 51⁵.
590 2881 623 2937 Η.
667 2901 700 2934 eo
720 2879 795 2954 quod
815 2880 908 2936 similis
923 2897 990 2937 esset
1008 2904 1108 2940 menso
1128 2888 1181 2957 illi,

147 2962 229 3014 vm.
259 2979 285 3014 t.
308 2960 375 3013 Nam
401 2961 508 3012 triclinis
537 2975 623 3014 arato.
666 2960 711 3015 coi
732 2961 846 3032 Delphis
862 2961 992 3016 insidebat
1009 2965 1107 3036 Pythia
1121 2987 1181 3022 ora·

110 3044 274 3106 neamus
287 3038 405 3093 diximus
421 3041 556 3106 XXXIII,
577 3041 623 3096 51.
666 3041 938 3096 omnisciensvetus
952 3043 1084 3116 interpres
1094 3047 1181 3102 Hora·
1290 3077 1293 3082 ·

110 3123 203 3174 Hm,
667 3121 713 3186 tii,
733 3121 762 3174 ia
783 3119 853 3174 illud
874 3122 928 3176 Sat.
945 3123 1003 3189 1,6
1022 3145 1028 3176 ε
1050 3152 1061 3172 ι
1074 3139 1101 3179 et
1114 3127 1181 3200 lapis

151 3221 177 3254 α.
190 3200 346 3270 Abacosqae.
359 3199 465 3254 shacus
476 3217 574 3252 mensae
582 3191 624 3270 ge·
667 3200 742 3254 albos
753 3201 852 3254 Pocula
862 3219 924 3254 oum
934 3205 1029 3274 cyatho
1038 3202 1180 3260 duosusti·

112 3300 162 3333 nas
180 3281 249 3345 fuit,
268 3297 301 3332 ex
320 3295 402 3349 opere
421 3278 560 3345 intestino,
580 3279 624 3334 cui
665 3292 719 3334 rtet.
732 3306 744 3328 ι
763 3306 775 3328 ι
790 3280 886 3353 Lapis,
899 3282 1181 3353 inquit,mcmamar·

111 3379 170 3414 reta
179 3377 277 3424 auree,
287 3357 459 3429 supelleaque
469 3358 562 3412 similis
572 3358 624 3412 im·
666 3378 757 3414 mores
765 3397 774 3424 ,
783 3379 862 3430 quam
878 3362 1036 3431 Delphicam
1050 3379 1154 3420 vocant.
1164 3392 1176 3415 ι

111 3453 266 3510 poneretur,
281 3458 314 3490 oo
328 3437 415 3506 basset.
431 3439 525 3493 liuto.
666 3441 701 3494 Et
715 3438 787 3492 idem
803 3440 919 3494 fortassis
931 3455 1008 3494 vetus
1023 3441 1181 3502 Scholiasta

153 3522 179 3573 3.
200 3521 239 3572 lit
257 3517 410 3587 monopodia.
426 3517 530 3572 Menses
542 3519 623 3574 unico
665 3517 805 3572 iuvenalis
827 3517 860 3572 ad
883 3539 909 3574 v.
936 3527 1006 3588 soi,
1031 3523 1084 3576 Sat.
1110 3525 1178 3580 111:

112 3598 180 3670 pede
195 3601 289 3662 fultas,
303 3593 453 3668 praemisa.
467 3596 557 3651 lisso.
670 3625 682 3646 ι
696 3611 884 3651 ornamentum
901 3601 976 3653 abaci
993 3619 1000 3656 :
1021 3600 1095 3673 quod
1114 3625 1179 3666 nos,

146 3678 623 3748 4.1..Piw.1.iv.quoque,xxxm
667 3678 766 3749 inquit,
779 3679 934 3748 Delphicam
945 3679 1066 3735 dicimus.
1082 3709 1094 3730 ι
1109 3686 1181 3740 Aba.

112 3778 138 3829 p.
152 3767 225 3827 ⁴⁰9³
241 3785 252 3804 ι
267 3759 396 3811 Extremo
410 3758 474 3810 anni
490 3750 574 3828 (567)
590 3755 622 3810 sd
666 3777 727 3812 cum
745 3758 917 3828 Delphicam,
941 3759 1042 3814 Glossta
1059 3762 1181 3818 Philoxe·

112 3840 218 3892 atroam
226 3839 317 3890 Nonas
325 3837 437 3890 Martias
446 3836 497 3890 Cn.
507 3835 623 3893 Manlius
667 3838 712 3903 ni,
723 3838 861 3909 appellant
874 3851 899 3892 et
910 3843 1051 3912 μινιςίριον,
1063 3842 1136 3913 quod
1147 3863 1181 3898 ex

113 3919 193 3970 Volso
200 3917 234 3970 de
243 3917 383 3988 Gallisqui
394 3917 481 3969 Asiam
491 3917 624 3982 incolunt,
661 3937 697 3971 ‘aa
711 3918 869 3988 poculorum
891 3937 980 3973 mensa
997 3921 1116 3975 convivis
1130 3923 1180 3976 mi·

111 3998 466 4069 triumphavit...buxuria
475 3997 624 4067 peregrinas
666 3998 816 4052 manarent.
840 3997 1015 4070 Etymologus
1040 4017 1047 4052 :
1075 4003 1181 4074 Δελφικὰ

111 4080 186 4148 origo
203 4079 235 4130 ab
249 4077 371 4132 exercitu
390 4075 507 4130 Asiatioo
520 4077 624 4130 invecta
668 4079 708 4131 τὸν
720 4073 829 4148 τρίποδα
843 4067 965 4148 Iopaiat,
980 4077 1033 4132 iatri
1045 4088 1140 4152 πρῶτον
1157 4086 1180 4138 is

112 4157 138 4208 in
162 4158 261 4212 Urbem
282 4170 341 4211 est:
359 4156 378 4209 ii
403 4156 520 4226 primum
542 4156 624 4210 lectos
668 4161 766 4227 Δελφοῖς
784 4160 891 4228 sipoto.
914 4157 1048 4212 Nimirum
1064 4162 1181 4232 primum
