3100 5125
489 464 640 534 LIBER
665 465 824 534 XXXV.
1121 467 1190 565 397

111 589 240 664 ltalia:
257 609 290 664 et
309 594 450 666 calicum
471 583 646 685 tantum¹⁵,
665 600 879 684 Surrentum,
898 597 992 682 hsta,
1016 597 1189 672 Pollentia:
1270 607 1275 626 ¹
1394 632 1417 676 e.

113 703 158 768 in
180 702 339 795 Hispania
362 703 566 798 Saguntum,
587 705 622 771 in
648 705 725 773 Asia
754 707 962 798 Pergamum.
997 706 1130 776 Habent
1157 723 1225 778 et3

112 807 247 877 Tralles
261 831 362 902 opera
378 831 452 895 sua,
468 811 598 878 Mutina
613 811 648 878 in
660 809 777 878 ltalia:
794 812 950 902 quoniam
964 825 997 879 et
1013 813 1061 881 sic
1076 829 1190 908 gentes

115 913 350 983 nobilitantur.
374 918 454 984 llaec
475 927 607 1010 quoque
632 941 692 1011 per
714 916 818 984 maria
840 929 1009 1011 terrasque
1034 917 1123 988 ultro
1144 921 1188 990 oi·

117 1035 242 1115 troque
263 1034 450 1115 portantur,
468 1021 649 1116 insignibus
670 1035 751 1107 rotae
771 1021 923 1090 officinis.
949 1011 1133 1117 Erythris¹⁶
1154 1028 1188 1096 in

119 1124 250 1221 templo
273 1125 439 1220 hodieque
460 1127 681 1197 ostenduntur
698 1127 868 1222 amphora
888 1126 961 1196 duae
980 1145 1118 1228 propter
1131 1145 1188 1202 'te-

120 1234 285 1300 nuitatem
299 1247 511 1316 consecratae,
524 1233 674 1328 discipuli
683 1235 899 1327 magistrique
911 1237 1104 1320 certamine,
1116 1253 1190 1308 uter

118 1340 307 1407 tenuiorem
324 1338 464 1406 humum
482 1339 629 1430 duceret.
652 1341 732 1409 Cois
753 1339 824 1408 laus
847 1340 1013 1408 maxima:
1037 1341 1188 1414 Adrianis

64 1479 67 1482 ⁴
118 1443 286 1513 tirmitas'⁷
298 1470 306 1513 :
320 1443 487 1514 nonnullis
500 1446 588 1527 circa
601 1447 666 1516 hoc
678 1446 860 1515 severitatis
874 1469 1006 1540 quoque
1016 1450 1185 1545 exemplis.

121 1665 156 1716 Et
170 1665 246 1728 XIV,
263 1683 307 1735 ep.
321 1683 434 1728 axxxrx,
448 1666 631 1736 enjnslemme
676 1664 810 1729 reatinos,
836 1664 1061 1736 Saguntinosqne,
1081 1679 1115 1719 ee
1125 1667 1188 1720 Pol·

119 1745 269 1798 eriuven
276 1744 413 1797 Arretina:
425 1746 632 1799 Arretinwimis
675 1744 791 1798 lentinos
805 1743 933 1797 laudario
951 1745 1071 1799 Martiale
1085 1745 1185 1800 audio:

117 1841 154 1874 ne
165 1841 274 1893 spernas
289 1841 349 1876 vasa
363 1841 519 1876 monemus:
533 1826 632 1880 Lautus
674 1841 734 1876 vasa
749 1824 862 1889 meana,
875 1841 929 1876 nou
950 1823 1060 1877 memini
1075 1844 1186 1897 usquam

117 1915 175 1957 erat
195 1902 290 1956 Tuscis
316 1903 429 1956 Porsena
456 1903 589 1958 fictilibus.
614 1927 627 1954 ι
648 1907 652 1915 ’
675 1921 718 1956 me
726 1903 822 1974 legere.
830 1901 974 1974 Itaqueille
982 1905 1099 1974 primum
1108 1905 1186 1973 xiv,

118 1983 204 2035 Tusca
216 1982 307 2036 fictilia
318 1994 410 2045 vocat,
422 1982 496 2054 quod
507 1985 541 2037 sit
551 1985 631 2039 Etru-
673 1999 716 2053 ep.
728 2000 783 2048 cn,
799 1984 842 2036 cui
858 1984 949 2036 titulus
965 1999 972 2034 ε
987 2009 997 2030 ι
1013 1985 1112 2037 Calices
1126 1985 1187 2038 Snrs

118 2061 166 2114 riae
186 2061 241 2115 sive
265 2063 369 2114 Tuscia
392 2061 525 2132 oppidum
548 2066 630 2117 Arre·
672 2062 772 2116 reatini
787 2062 905 2135 :Accipe
915 2081 975 2114 non
990 2063 1035 2117 vili
1048 2065 1140 2118 calices
1152 2063 1186 2119 de

116 2141 202 2204 tium,
213 2143 311 2193 Arezzo
319 2147 327 2209 ,
334 2139 381 2194 nbi
391 2140 526 2215 hodieque
537 2145 630 2214 prime
672 2141 782 2210 pulvere
791 2155 880 2207 natos,
890 2141 940 2194 Sed
950 2141 1112 2197 Surrentina
1120 2144 1185 2198 lave

119 2220 356 2274 commendationis
371 2221 461 2291 figlina
479 2236 541 2275 sunt
552 2227 629 2277 Arre·
673 2231 793 2274 toreuma
806 2235 880 2276 rote.
892 2247 904 2268 ι
917 2221 1075 2292 Saguntinos
1086 2222 1184 2278 deinde

118 2299 180 2352 tina.
199 2301 239 2354 De
253 2301 382 2354 calicibus
400 2301 531 2354 Arretinis
546 2315 629 2357 curat
672 2299 735 2353 libri
747 2299 866 2370 eiusdem
877 2319 921 2371 ep.
933 2319 1018 2366 cana,
1029 2302 1073 2356 cui
1087 2303 1184 2358 lemma

119 2378 183 2431 illud
195 2380 311 2451 Virgilio
328 2397 435 2433 carmen
449 2379 626 2454 adscriptum,
673 2378 832 2449 praefixum,
860 2380 986 2436 uertices
1016 2380 1151 2452 Saguntini
1174 2401 1181 2435 ε

119 2459 186 2511 inter
196 2461 383 2531 epigrammata
399 2459 529 2514 aPitboeo
542 2459 627 2527 edita,
671 2459 738 2523 Qua
750 2477 806 2512 uon
824 2459 951 2512 sollicitus
962 2461 1066 2524 teneat,
1084 2472 1183 2515 server·

119 2557 176 2609 pag.
195 2540 249 2593 36:
265 2568 277 2589 .
292 2539 418 2593 Arretine
435 2540 519 2604 calix,
531 2542 628 2596 mensis
671 2555 724 2609 qne
736 2537 867 2603 minister,
882 2537 963 2592 Sume
976 2538 1124 2611 Saguntino
1136 2559 1186 2613 po.

118 2610 449 2691 dmonrepnemiqanie
457 2621 522 2674 Maii
530 2619 628 2676 medici
672 2618 1182 2692 culaliotalato-Pollentinosdenique

118 2716 197 2769 qaam
209 2699 278 2754 bene
287 2718 365 2753 mnus
374 2718 463 2753 eras.»
478 2700 567 2755 Haeo.
670 2698 750 2761 XIV,
766 2716 809 2768 ep.
829 2715 920 2763 cani,
941 2698 1021 2752 allato
1048 2718 1062 2752 a
1088 2701 1181 2767 nobis,

159 2781 203 2833 ιδ.
216 2780 255 2831 Ee
267 2780 369 2831 coliem
382 2791 482 2845 tantum.
495 2780 535 2833 Ut
551 2800 628 2835 raso-
670 2776 799 2843 liavm,
807 2779 852 2848 78.
862 2778 896 2831 Et
906 2776 940 2831 de
950 2777 1115 2846 Surrentina,
1121 2781 1182 2834 Pol-

118 2858 323 2933 rumentinam,
336 2859 437 2930 inquit,
448 2860 476 2913 iu
488 2860 628 2915 esculentis
670 2857 824 2929 lentiorque
832 2858 911 2911 simul
920 2858 1183 2931 terra,lingendisca·

117 2939 280 2993 nobilitatem
292 2939 388 2992 retinet
397 2940 531 2993 Arretium
541 2940 569 2992 in
578 2941 628 2993 lte·
669 2936 764 2991 licibna
774 2937 887 3008 potoriis
897 2938 1028 3008 expetita,
1044 2952 1126 2994 exstat
1137 2958 1182 2993 ve·

118 3016 151 3071 lia
163 3039 169 3069 :
182 3019 234 3082 ita,
245 3018 293 3071 sed
308 3020 418 3072 calicum
433 3031 536 3072 tantum
552 3021 628 3073 nohi·
670 3028 714 3070 tna
721 3016 884 3088 epigramma
894 3034 1009 3088 grecum
1019 3018 1180 3089 macedonii,

116 3096 186 3150 litate
194 3097 629 3169 commendantur‚ineedempar·
669 3097 1180 3167 sanenoninelegans‚inhlSS.nostris.
1230 3148 1233 3155 ,

115 3176 628 3244 tetemrum,Snrrentnm,Asta‚Pol·
670 3176 800 3248 Συρῥίντου
824 3178 941 3247 τρηχεῖα,
971 3179 1085 3246 puplascs
1110 3182 1180 3249 χαῖρι

117 3256 211 3322 leotia,
223 3258 251 3310 in
266 3258 391 3327 llispania
402 3260 564 3330 Saguntum,
574 3272 625 3313 etc.
670 3257 735 3312 arsin
742 3292 751 3319 ,
763 3256 984 3309 nathanaetem
998 3260 1060 3327 γαῖα
1069 3265 1182 3329 petrapo-

116 3336 187 3390 Libri
201 3356 295 3390 omnes
306 3335 372 3390 editi
390 3338 461 3403 iere,
479 3338 507 3389 in
519 3339 627 3410 primir-
669 3336 747 3392 reim·
759 3324 808 3397 bet
821 3334 868 3405 γὰρ
881 3337 906 3388 ai
922 3337 1077 3406 spiritaiem,
1094 3337 1137 3407 ἀφ’
1148 3333 1180 3391 ὧν

116 3434 166 3485 qne
174 3417 263 3469 Elaev.
277 3416 369 3483 editio,
376 3418 420 3471 bic
425 3418 626 3489 interpungnnt‚
670 3409 813 3486 βρομώδη
825 3416 900 3472 nativ
910 3418 1021 3486 Φὺρησαν
1033 3420 1123 3489 Βάκχῳ
1133 3438 1183 3489 eps·

119 3520 130 3542 ι
151 3508 178 3548 et
207 3498 319 3561 calicum
349 3509 452 3549 tantum
481 3516 489 3551 :
513 3497 625 3551 Surren·
669 3497 750 3566 ζυγίις
765 3496 873 3565 gdpsrse.
889 3516 901 3538 ι
918 3495 1090 3567 Unguentum
1105 3496 1181 3551 redo·

116 3587 190 3638 tnm,
213 3587 264 3629 ete.
280 3602 293 3623 ι
309 3576 347 3628 Ut
368 3575 402 3628 ad
420 3576 573 3642 Δπεῐίηω,
591 3576 626 3630 de
669 3573 726 3627 lens
743 3574 864 3627 Surrenti
880 3577 1022 3645 asperrime
1033 3577 1133 3647 pulvis,
1148 3577 1183 3631 Et

115 3673 168 3725 qno
177 3657 300 3725 proxime
309 3668 395 3720 antea,
406 3675 461 3709 non
471 3656 504 3709 ad
513 3658 626 3710 Surren·
669 3654 824 3707 Pollentinae
848 3653 940 3707 mellea
962 3655 1038 3726 gleba
1062 3658 1147 3727 plagas
1172 3674 1178 3708 :

114 3746 169 3787 tum
177 3736 288 3806 pariter,
297 3748 508 3809 ceteraquequae
515 3755 627 3808 sequun-
669 3734 726 3787 Vos
736 3752 786 3804 ego
797 3751 900 3805 semper
910 3752 986 3799 emo,
998 3733 1032 3787 de
1044 3736 1118 3806 queis
1130 3733 1180 3787 sibi

114 3825 157 3867 tnr
172 3814 288 3885 oppida,
302 3816 412 3867 calicum
430 3814 479 3868 dos
497 3816 546 3869 ista
564 3835 625 3887 per·
670 3831 774 3867 sumere
786 3813 881 3866 limum
892 3812 1058 3867 Miscendnm
1072 3814 1181 3867 Bromio

114 3895 209 3954 tiam,
226 3908 254 3948 et
275 3893 382 3965 quidem
402 3896 467 3948 sola.
489 3896 570 3967 Atqui
591 3894 625 3948 ad
669 3894 761 3947 Gratia
776 3893 932 3965 trinesolet.
946 3918 957 3941 ι
972 3892 1061 3945 Haeo.

115 3972 543 4047 Arretinmspectarerasequain
551 3992 624 4029 escu-
713 3976 756 4027 16.
783 3974 906 4045 Erythris.
935 3973 968 4024 In
992 3972 1081 4026 Ionia.
1100 3972 1180 4027 Cous.

115 4051 189 4105 lentis
199 4052 371 4118 adhibentur,
387 4056 533 4124 calicesque
546 4073 624 4127 supe·
667 4053 716 4106 lib.
729 4053 785 4113 111.
798 4070 855 4123 cap.
869 4052 914 4105 31.
926 4052 1016 4105 Haeo.

114 4132 168 4184 rins
183 4132 550 4187 ‹temonnmimusecattces
565 4134 626 4187 Sur·
711 4150 754 4201 17.
778 4132 835 4185 Cois
849 4132 902 4184 laus
916 4134 1019 4183 maximo
1035 4144 1045 4177 ··
1062 4131 1180 4183 Adriani
