3100 5125
352 473 425 572 496
589 531 591 535 .
630 477 669 546 c,
696 477 867 546 rainu
891 477 999 548 nir.
1027 478 1158 548 nrsr.

352 612 506 706 quaesisse
521 609 658 707 gloriam
680 610 848 706 impendio
871 607 953 680 nulli
970 611 1158 706 profuturo.
1175 615 1338 684 Praeterea
1364 615 1434 686 fati-

355 743 453 813 gasse
469 720 562 813 regni
579 720 688 801 vires,
707 732 745 787 ut
758 733 870 787 tamen
885 717 1078 812 lausmajor
1094 719 1228 814 artificis
1247 737 1343 792 esset.

321 860 334 896 1
407 827 486 894 XX.
501 819 605 917 (xiv.)
618 826 756 918 Legitur
766 838 801 892 et
815 822 949 918 pensilis
962 825 1096 910 bortus,
1107 827 1212 894 immo
1226 852 1307 898 vero
1320 842 1432 898 totum

351 930 510 1024 oppidum
524 931 685 1025 AEgyptiae
704 930 845 1016 Thebae,
866 933 1030 1002 exercitus
1046 947 1193 1002 armatos
1215 934 1330 1003 subter
1349 934 1430 1003 edu-

351 1061 426 1105 cere
447 1034 551 1106 solitis
571 1038 721 1131 regibus,
742 1035 834 1106 nullo
848 1037 1092 1132 oppidanorum
1112 1040 1283 1108 sentiente.
1302 1043 1429 1110 Etiam·

351 1167 433 1210 num
462 1142 528 1212 boc
561 1146 670 1212 minus
701 1147 842 1225 mirum,
866 1167 966 1237 quam
989 1144 1080 1237 quod
1111 1143 1247 1214 flumine
1280 1145 1428 1216 medium

352 1248 512 1344 oppidum
535 1250 754 1319 interfluente.
782 1251 866 1338 Quae
889 1251 915 1318 si
942 1248 1096 1334 fuissent,
1119 1276 1188 1320 non
1210 1251 1353 1321 dubium
1379 1267 1429 1324 est

352 1357 536 1425 Homerum
549 1356 715 1426 dicturum
732 1355 844 1442 fuisse,
857 1374 961 1449 quum
980 1370 1115 1426 centum
1134 1357 1263 1451 portas'
1280 1358 1325 1426 ibi
1344 1384 1426 1454 prae-

353 1461 490 1530 dicaret.

318 1622 330 1656 ,
404 1570 499 1636 xxt.
522 1566 777 1665 Magnificentius
807 1591 887 1636 vera
911 1568 1086 1638 admiratio
1115 1584 1222 1640 exstat
1244 1569 1423 1667 templum¹

351 1673 504 1768 Ephesiae
515 1676 631 1744 Dianae
650 1674 803 1744 ducentis
817 1675 934 1768 viginti
951 1671 1064 1744 annis²
1078 1675 1204 1744 factum
1219 1699 1237 1744 a
1252 1690 1322 1745 tota
1340 1679 1423 1746 Asia.

351 1782 392 1848 In
413 1780 484 1849 solo
507 1781 540 1850 id
557 1780 694 1874 palustri
718 1780 846 1864 fecere,
868 1805 909 1848 ne
931 1795 1028 1850 terrae
1057 1797 1168 1851 motus
1192 1785 1347 1868 sentiret,
1367 1799 1425 1854 aut

351 1885 463 1956 hiatus
480 1888 621 1956 timeret.
644 1889 772 1955 Rursus
793 1911 835 1956 ne
858 1887 892 1955 in
914 1884 1043 1956 lubrico
1063 1901 1163 1981 atque
1182 1889 1329 1959 instabili
1349 1890 1421 1968 fuu-

350 1991 506 2062 damenta
527 2008 627 2063 tantae
648 1990 744 2062 molis
766 1991 967 2074 locarentur,
997 1991 1128 2062 calcatis
1155 2019 1192 2063 ea
1214 1995 1423 2066 substravere

351 2099 551 2170 carbonibus
561 2085 585 2186 ³,
606 2099 684 2168 dein
705 2097 883 2168 velleribus
905 2097 998 2168 lanae.
1024 2101 1189 2170 Universo
1208 2099 1335 2195 templo
1353 2102 1422 2172 lon·

390 2303 451 2356 XX.
466 2303 572 2373 nouum
583 2313 674 2353 sentum
683 2313 776 2370 portas.
788 2298 864 2354 Iliad.
910 2297 1071 2371 dringentis,
1087 2299 1134 2353 lib.
1154 2301 1234 2364 XVI,
1246 2319 1304 2372 cap.
1322 2307 1366 2366 do.
1383 2303 1422 2355 De

351 2385 414 2448 1,v.
428 2383 483 2436 382
501 2399 574 2453 seqq.
595 2377 648 2434 itt·
660 2383 707 2434 ὅσα
720 2377 808 2441 erlbac
820 2381 864 2433 Ai-
909 2380 966 2451 ejus
987 2378 1112 2432 incendio
1129 2379 1191 2432 vide
1204 2379 1295 2434 Valer.
1311 2381 1421 2438 Maxim.

349 2463 472 2535 γυπτίας,
483 2461 522 2514 ὅτι
536 2465 644 2513 πλεῖστα
658 2457 744 2531 δόμοις
760 2463 784 2515 (ν
802 2459 865 2517 κτή-
909 2459 956 2512 lib.
974 2459 1061 2524 VIII,
1083 2478 1140 2531 cap.
1164 2461 1221 2524 153
1243 2461 1418 2520 Strabonem,

349 2564 421 2615 ματα
432 2545 528 2607 κεῖται,
548 2543 600 2595 All*
612 2540 779 2611 {surripis-utel
800 2541 863 2605 slas,
908 2539 955 2593 lib.
971 2539 1044 2593 xlv,
1062 2539 1163 2593 Druso.
1180 2572 1218 2583 ·-
1237 2541 1265 2595 A
1281 2553 1333 2593 tota
1350 2545 1420 2595 Asia.

350 2621 470 2680 desederet
487 2617 513 2674 δ’
530 2623 568 2673 ἀν’
581 2621 687 2677 traam
706 2612 795 2691 dstpee
817 2622 865 2685 Ιξι-
908 2619 1022 2683 Livius,
1039 2619 1086 2672 lib.
1109 2620 1139 2691 1,
1152 2640 1179 2691 p.
1196 2624 1249 2675 16:
1268 2648 1279 2668 ι
1291 2621 1351 2673 Jam
1366 2636 1420 2675 tum

349 2688 488 2773 gisbodum
502 2702 601 2754 ἵπποισι
612 2700 655 2753 καὶ
669 2702 776 2769 ὄχεσφιν.
794 2702 862 2755 Das.
907 2712 963 2753 erat
983 2699 1113 2771 inclytum
1133 2700 1225 2753 Dianas
1240 2700 1364 2773 Ephesius
1384 2701 1420 2753 fa-

389 2782 467 2836 XXI.
487 2799 510 2833 r.
524 2781 655 2850 Templum.
663 2780 798 2833 Robertus
812 2782 862 2833 Ce·
906 2782 989 2831 urim:
1006 2778 1034 2831 id
1049 2780 1254 2833 communitera
1271 2781 1420 2835 civitatibus

348 2863 431 2925 nalis,
451 2860 519 2928 Hist.
535 2859 606 2914 Gall.
627 2860 670 2925 lt,
684 2860 812 2930 perioche
828 2860 862 2925 3,
907 2858 976 2911 Asin
988 2858 1085 2911 facturn
1100 2858 1169 2929 fama
1183 2859 1315 2914 ferebat·
1333 2860 1367 2913 H.

348 2961 377 3013 p.
396 2942 465 2995 130.
482 2938 619 2994 subductis
639 2952 760 2993 soeurnte
775 2940 863 2993 calcu·
949 2938 975 2991 3.
999 2938 1108 2991 Calcutr's
1128 2960 1158 2991 ea
1172 2940 1322 2993 substravere
1335 2940 1419 2993 who·

348 3022 381 3075 lis
396 3007 537 3094 spleridide
551 3018 715 3073 demonstrat
731 3019 861 3090 templum
906 3018 989 3079 uibus,
1011 3018 1067 3090 deip
1085 3018 1142 3073 vell.
1156 3021 1321 3091 Augustinus
1333 3018 1367 3072 de
1378 3020 1419 3074 Ci-

347 3102 378 3154 B.
393 3100 499 3171 Virgini
523 3098 629 3152 Parisiis
643 3117 761 3164 sacrum,
778 3102 862 3167 majus
907 3098 951 3150 rit.
969 3098 1088 3162 Dei,lib.
1097 3099 1206 3162 XXXI,
1218 3118 1239 3151 c.
1260 3106 1293 3162 d:
1307 3098 1418 3164 ·Qutd?

347 3200 403 3235 esse
421 3180 506 3233 multo
525 3199 556 3233 ae
576 3178 757 3250 splendidius,
780 3197 861 3249 quam
907 3176 933 3229 iu
948 3178 1107 3231 carbonibus
1122 3196 1212 3229 nonne
1227 3178 1349 3233 miranda
1363 3192 1415 3243 est,

347 3260 428 3314 luerit
440 3260 618 3332 Epiresinum,
627 3258 755 3312 mensuris
764 3258 861 3311 utrius·
905 3270 931 3309 et
942 3269 1014 3310 tanta
1024 3256 1173 3321 infirmitas,
1182 3270 1210 3311 ut
1221 3258 1275 3310 ictu
1286 3259 1416 3313 levissimo

346 3360 399 3413 que
413 3340 528 3403 collatis,
538 3351 619 3411 atque
634 3338 772 3405 operosius
782 3337 861 3391 sabri-
905 3337 1071 3407 frangantur,
1086 3356 1176 3407 pressu
1191 3338 1317 3391 facillimo
1328 3352 1417 3392 coute-

346 3434 445 3476 catum.
461 3420 596 3473 Hanu.-
611 3419 735 3489 Templum
749 3418 862 3488 Eplresr'oe
904 3428 998 3470 rantur
1014 3435 1020 3468 :
1036 3428 1061 3469 et
1076 3428 1146 3469 tauta
1167 3416 1277 3471 firmitas
1297 3432 1325 3471 ut
1345 3420 1416 3471 nullo

346 3502 447 3556 Dum.
463 3501 503 3552 De
515 3500 566 3554 boc
582 3499 682 3569 templo
696 3497 861 3569 ingentibus·
904 3495 1018 3548 humore
1030 3510 1246 3566 corrumpantur,
1256 3498 1332 3551 nulla
1344 3510 1416 3551 aetate

346 3600 400 3653 que
413 3578 657 3633 substructionibus
670 3598 701 3632 ae
716 3576 860 3631 ruderibus
905 3576 1057 3641 vincantur,
1072 3594 1155 3647 usque
1171 3575 1237 3629 adeo
1251 3590 1281 3629 ut
1293 3597 1339 3631 eos
1356 3580 1414 3630 sub-

345 3659 407 3714 vide
428 3661 471 3714 Cl.
489 3660 691 3720 Tousssrosr,
714 3658 816 3728 quage
827 3656 861 3709 du
904 3669 1021 3708 sternere
1034 3655 1135 3709 soleant
1145 3696 1225 3709 .....
1243 3657 1312 3721 Quis
1329 3676 1373 3710 eos
1389 3658 1414 3710 iu

345 3742 529 3804 bosamont.
541 3740 644 3809 111,.p.
660 3736 725 3805 293.
737 3735 859 3807 Magnifi·
905 3746 974 3787 terra
994 3733 1104 3789 humida
1127 3734 1252 3799 effossos,
1277 3736 1323 3789 ubi
1348 3736 1414 3807 ligna

346 3819 501 3875 certissimae
514 3818 593 3888 hujus
608 3816 673 3869 redis
688 3817 804 3871 frontem
820 3814 859 3867 vi·
904 3826 1087 3883 putrescerent
1097 3854 1104 3877 ,
1114 3815 1214 3869 tamdiu
1227 3812 1326 3869 durare
1334 3816 1414 3870 incor-

346 3898 410 3953 dere
424 3899 505 3953 estin
518 3898 609 3951 multis
625 3896 788 3957 Domitiani,
805 3892 857 3947 Ha·
902 3895 1064 3966 ruptibiliter
1078 3913 1170 3965 posse,
1193 3894 1243 3947 uisi
1265 3915 1353 3949 rerum
1371 3895 1413 3948 ille

345 3977 859 4047 driaui,Antonini,uliorumqueuum·
904 3986 1048 4046 corruptor
1064 3974 1147 4045 iguis,
1167 3974 1279 4029 effecitl
1296 4000 1307 4021 ·
1331 3977 1411 4047 Hujus

344 4059 506 4113 misum.
872 4116 877 4129 ¹
904 4054 1010 4107 consilii
1030 4067 1164 4106 auctorem
1179 4052 1352 4107 Theodorum
1369 4055 1410 4107 Se·

388 4158 413 4191 s.
433 4138 550 4189 Ducentis
570 4139 665 4206 uiginti·
680 4137 759 4187 annu.
784 4135 858 4199 Qua·
904 4134 1005 4199 miani,
1016 4132 1106 4187 Rbcaci
1116 4132 1200 4185 filiurn
1216 4134 1309 4197 fuisse,
1324 4132 1410 4187 scribit
