3100 5125
389 536 435 606 88
651 536 690 603 C.
717 533 882 605 PLINII
906 534 1011 604 NAT.
1036 534 1166 603 HIST.

387 668 467 739 Ideo
488 682 522 737 et
542 668 666 762 optime
682 682 821 763 purgat,
838 680 972 737 caeteras
990 664 1059 760 ejus
1070 665 1183 749 sordes
1197 691 1360 762 exspuens
1376 694 1445 740 cre·

386 774 449 845 bro
468 774 593 867 jactutu
612 773 767 843 fictilibus
787 774 821 841 in
844 774 950 856 vasis,
970 758 1136 843 vestibus⁶
1166 774 1301 866 injectis.
1324 774 1390 844 Sed
1407 791 1447 845 ut

385 882 495 975 ipsum
509 880 551 949 ab
562 903 644 948 auro
660 878 822 965 discedat,
838 880 871 947 in
885 878 986 973 pelles
999 879 1151 948 subactos
1163 878 1364 966 effunditur,
1384 906 1446 976 per

385 1010 467 1081 quas
484 985 612 1055 sudoris
630 987 702 1055 vice
719 985 882 1071 defluens,
903 1009 1024 1078 purum
1042 983 1196 1078 relinquit
1210 1008 1339 1055 aurum.
1353 988 1445 1082 Ergo

385 1107 419 1163 et
437 1117 539 1187 quum
557 1117 622 1161 aera
638 1094 844 1179 inaurentur,
856 1090 1012 1161 sublitum
1028 1091 1169 1161 bracteis
1187 1091 1445 1185 pertinacissime

385 1198 533 1269 retinet⁷·
553 1201 678 1267 Verum
703 1196 829 1293 pallore
849 1197 974 1292 detegit
992 1195 1155 1292 simplices
1176 1212 1235 1285 aut
1259 1211 1445 1292 praetenues

383 1307 544 1375 bracteas.
564 1290 799 1399 Quapropter⁸
820 1303 854 1372 id
871 1302 996 1373 furtum
1016 1318 1217 1398 querentes,
1238 1305 1293 1373 ovi
1316 1303 1444 1397 liquore

384 1410 524 1480 candido
542 1435 639 1479 usum
660 1436 735 1479 eum
751 1409 995 1482 adulteravere:
1014 1435 1093 1479 mox
1111 1424 1145 1478 et
1163 1409 1386 1504 hydrargyro,
1400 1410 1443 1480 de

382 1541 450 1611 quo
468 1514 545 1585 suo⁹
562 1503 709 1585 dicemus
729 1515 814 1587 loco.
834 1518 878 1585 Et
891 1513 970 1585 alins
984 1529 1157 1612 argentum
1170 1518 1284 1584 vivum
1298 1540 1365 1584 non
1380 1514 1444 1585 lar·

382 1647 461 1716 gum
477 1624 647 1693 inventurn
666 1637 724 1693 est.

380 1848 426 1885 mo
435 1848 442 1880 ε
452 1844 539 1899 neque
548 1846 610 1881 enm
622 1830 752 1900 liquorem
761 1841 848 1899 potest
858 1848 891 1883 eo
912 1843 992 1901 ⁴pter
1009 1841 1181 1895 vetuustetu,
1196 1847 1272 1883 usum
1288 1848 1343 1882 non
1361 1830 1444 1886 hebet

379 1926 462 1963 onere
471 1926 519 1961 suo
529 1926 665 1977 premere,
679 1926 764 1980 neque
775 1908 889 1978 elidere,
931 1909 1072 1962 honestum
1085 1927 1092 1962 ε
1107 1910 1189 1980 penui
1201 1910 1229 1961 iu
1241 1908 1443 1965 fictilibussssis

379 2008 429 2043 neo
448 1986 574 2057 dissipare
596 1990 747 2041 centenario
768 1988 888 2055 sublato,
929 1987 1048 2061 impositi
1069 2006 1148 2060 suprs
1167 1989 1255 2059 ignem
1274 1989 1442 2044 comburun-

379 2069 400 2121 si
418 2060 456 2121 ibi
475 2068 533 2119 auri
547 2066 701 2137 scrupulum
726 2068 888 2140 imponetur,
929 2079 981 2122 tur.
1000 2066 1108 2122 Iseiuis
1122 2068 1264 2138 conjicitur
1278 2070 1306 2121 in
1319 2086 1438 2141 swam,

378 2145 625 2209 nonustsbit‚'sed
645 2145 679 2200 sd
693 2148 778 2200 imum
796 2166 845 2218 per
859 2167 887 2202 se
929 2146 1037 2201 additur
1063 2148 1088 2204 ei
1106 2160 1244 2219 argentum
1267 2150 1385 2202 vivum:
1410 2148 1441 2201 id

378 2224 553 2298 deprimetur.
576 2226 690 2279 Itanon
712 2226 887 2300 amplitudine
927 2240 1016 2280 sutem
1037 2246 1129 2280 omnes
1144 2228 1225 2280 mices
1243 2228 1302 2280 ouri
1325 2228 1442 2300 eorripit

376 2304 515 2379 ponderis,
537 2304 583 2359 sed
603 2324 698 2377 genere
721 2306 885 2377 singularum
928 2306 956 2359 in
969 2324 1012 2371 se,
1027 2319 1054 2359 et
1068 2307 1140 2377 cogit
1157 2324 1245 2359 usum
1260 2307 1335 2360 eoirs
1349 2325 1441 2379 :equs

376 2404 466 2438 rerum
477 2384 632 2455 gravitatem
646 2404 779 2449 esse,n0n
790 2398 830 2438 est
841 2404 887 2439 ue·
927 2383 1037 2450 deluss,
1051 2404 1133 2457 quom
1144 2384 1173 2437 id
1185 2387 1212 2437 in
1222 2404 1339 2457 penum
1350 2387 1442 2440 iufun-

376 2464 518 2535 gsudnm.·
532 2464 688 2516 Vitruvium
700 2464 811 2518 totidem
826 2483 885 2518 ver·
916 2464 1010 2530 iditur,
1020 2477 1046 2518 et
1060 2465 1099 2518 ibi
1112 2466 1235 2519 menibus
1248 2467 1390 2538 premitur,
1399 2486 1442 2520 sn·

375 2544 417 2598 lsls
423 2543 488 2598 leid.
500 2544 735 2616 expressit,0rigg.
745 2545 822 2609 xvl,
840 2546 885 2600 rs.
926 2557 1034 2617 gentum
1047 2565 1096 2618 per
1106 2544 1187 2617 penui
1199 2545 1319 2599 raritates
1327 2559 1440 2618 propter

416 2628 442 2678 6.
456 2625 577 2676 Vesulus.
595 2627 618 2674 Α
631 2625 761 2689 vestibus,
783 2625 884 2695 inquit,
926 2625 1058 2697 liquorem
1065 2637 1138 2679 extre
1146 2625 1255 2690 labitur,
1262 2645 1356 2678 surum
1364 2623 1440 2680 obm-

374 2705 477 2776 iujeetis
497 2705 525 2755 iu
544 2721 602 2755 vass
619 2704 726 2770 fictilia,
743 2717 769 2757 et
781 2704 818 2756 ibi
830 2723 886 2757 cre·
926 2705 1064 2776 pressione
1077 2717 1199 2759 sonetum
1210 2704 1277 2758 intre
1288 2721 1386 2776 purum
1398 2707 1441 2758 iu·

374 2785 461 2842 mstis.
473 2781 529 2834 suri
536 2782 626 2834 sordes
634 2791 736 2853 sephret
745 2795 883 2853 argeutum
925 2785 1055 2836 venitur.»
1065 2783 1254 2837 tt-Vauue
1263 2788 1363 2855 injectis.
1372 2786 1440 2839 Hor-

374 2863 464 2916 vivum
483 2863 515 2914 iis
527 2861 687 2914 immixtum.
708 2862 742 2915 H.
759 2893 798 2905 --
815 2864 882 2917 ldeo.
924 2861 999 2915 duiui
1010 2863 1220 2916 emendationem
1230 2864 1440 2936 psulosudseio-

373 2941 414 2994 Ex
433 2944 585 3011 conjectum
605 2959 653 2994 nos
675 2941 756 3012 primi
780 2944 882 2995 vestibus
924 2958 982 2994 reus
994 2943 1074 2995 hebet
1085 2943 1286 3014 Broterius‚qui
1298 2958 1361 3014 post
1371 2945 1437 2997 Pin·

374 3021 466 3091 injectis
476 3019 616 3073 edidimus.
627 3021 659 3072 Iu
676 3021 748 3073 libris
760 3020 794 3072 d
810 3023 882 3075 huus
924 3021 1026 3074 tisnum
1049 3023 1196 3093 rescripsit,
1225 3023 1299 3074 alueis
1325 3027 1439 3094 itsp'eetisf

373 3099 444 3152 diem
454 3101 584 3170 vulgatis:
601 3125 612 3146 ι
627 3099 662 3151 ite
675 3099 747 3152 vitiis
759 3101 881 3171 abjectis,
923 3102 967 3152 eui
979 3099 1156 3154 emendationi
1164 3100 1437 3176 issersvideturlleg.

373 3190 404 3233 ut
431 3179 517 3250 ipsum
542 3179 576 3230 ob
604 3197 669 3232 urim
694 3177 821 3234 discedot.
844 3183 881 3233 lu
923 3179 981 3233 MS.
997 3179 1029 3244 5,
1048 3184 1085 3232 ita
1097 3184 1168 3233 uitiis
1178 3184 1279 3251 inpectis.
1293 3182 1438 3237 Alutssu·

372 3259 455 3330 pelles
473 3260 606 3320 subactos,
626 3260 680 3311 eto.
693 3283 704 3305 ι
722 3275 776 3310 non
800 3260 881 3312 unico
923 3271 979 3312 tem
1000 3255 1059 3324 itta,
1079 3279 1126 3313 sen
1150 3261 1259 3327 tslutiu,
1280 3261 1316 3315 de
1337 3265 1437 3334 quibus

372 3351 417 3390 out
435 3337 674 3409 interpunctionis,
695 3350 740 3390 sut
760 3340 881 3408 interpo-
922 3339 974 3409 jam
986 3337 1180 3414 supradictum
1194 3353 1233 3394 est
1242 3358 1302 3412 esp.
1316 3356 1437 3407 ²1,th

370 3417 477 3470 lationis
513 3417 590 3470 vitio.
623 3417 655 3469 In
691 3417 810 3470 Colbert.
843 3417 881 3482 3,
923 3418 979 3470 suri
995 3418 1095 3472 sordes.
1111 3420 1162 3471 Eu.

374 3497 521 3549 «fictilibus
534 3497 561 3548 in
571 3498 650 3560 vasis,
662 3495 697 3550 its
707 3495 880 3568 injectisi'sed
963 3515 988 3567 7.
1004 3500 1107 3551 detinet.
1128 3497 1226 3569 sttigat
1246 3499 1292 3552 eri
1314 3500 1435 3556 tinem

372 3589 402 3629 ut
413 3577 578 3646 ipsum,etn.
597 3601 608 3623 ι
628 3579 692 3647 lieg.
710 3597 736 3640 n,
754 3577 880 3629 «sicuti-
923 3593 1022 3631 turess.
1037 3579 1128 3630 llssn.
1458 3613 1462 3619 -

370 3656 420 3710 bus
440 3657 467 3709 iu
485 3657 551 3708 vasis
564 3655 640 3708 evitis
655 3657 766 3727 injectis.
780 3654 833 3708 Sed
850 3667 880 3708 ut
962 3658 989 3709 8.
1011 3659 1172 3727 (lmpmpter.
1196 3657 1352 3721 Quersntes
1377 3660 1434 3713 iun-

369 3735 468 3806 ipsum.
480 3759 490 3782 ι
506 3735 549 3788 Sic
565 3747 591 3787 et
608 3733 722 3786 Pintisni
735 3732 829 3787 eodes.
841 3735 880 3788 Ut
921 3747 978 3787 tom
991 3747 1092 3806 tegere,
1103 3753 1134 3788 ao
1147 3737 1278 3808 simplices
1285 3755 1337 3808 pro
1346 3739 1432 3810 gemi-

368 3815 473 3868 nesu'bns
486 3815 576 3886 injectis
586 3814 878 3878 scriberemus,Vitru·
920 3815 976 3876 nis,
991 3815 1033 3867 vel
1048 3816 1179 3867 tenuiores
1193 3835 1245 3885 pro
1257 3818 1431 3872 crassioribus

367 3893 427 3948 vius
446 3894 588 3966 persussit,
602 3893 648 3963 qui
666 3911 723 3944 rem
738 3891 877 3959 eumdem,
920 3893 1032 3946 brecteis
1059 3893 1087 3946 in
1114 3913 1165 3947 ssre
1182 3895 1331 3948 inserendo
1349 3897 1430 3952 sditi-

366 3975 395 4027 ui
406 3975 532 4035 fallimur,
548 3973 670 4042 explnnst
686 3970 803 4024 dilucide
821 3988 875 4025 ms·
919 3973 1026 4037 beuter,
1039 3991 1091 4044 pro
1104 3987 1214 4046 mgsuto
1227 3976 1431 4030 vimetivose

365 4055 419 4124 gis,
432 4055 503 4115 vlt,
519 4057 546 4118 8,
563 4058 614 4114 sss
632 4071 637 4100 ε
660 4073 670 4094 ι
685 4051 829 4122 Quumque
846 4051 875 4105 iu
919 4051 1014 4116 fossili,
1025 4045 1221 4124 liydrsrgyrum
1228 4054 1376 4123 sublinunt,
1383 4066 1431 4110 out

364 4145 450 4197 veste,
471 4132 574 4202 inquit,
603 4129 732 4184 intextum
763 4143 803 4184 est
826 4148 873 4184 su·
918 4129 1064 4188 candidum
1075 4132 1129 4186 ovi.
1145 4133 1235 4187 [lesu.

363 4229 439 4278 rum,
461 4210 788 4281 esque-restiseoutrits,
808 4227 871 4281 pro·
956 4210 1141 4279 9.Sso.1nlrs
1152 4231 1215 4284 esp.
1230 4212 1379 4277 solinu.
