3100 5125
364 464 412 551 48
637 463 675 532 C.
701 459 870 536 PLINII
893 458 1000 529 NAT.
1021 460 1154 529 HIST.

364 599 422 695 qui
432 613 513 668 tunc
525 580 664 681 erant⁵²,
679 594 846 665 sestertios
858 615 981 665 ncccc.
997 594 1077 662 Post
1087 592 1159 663 haec
1174 577 1371 687 placnit⁵³x.
1381 616 1428 664 ιι.

367 772 491 844 Scaliger.
514 770 563 826 lib.
584 769 619 824 de
645 772 684 823 lle
707 770 876 836 nnmmsria,
920 781 1021 823 tantum
1030 768 1180 841 quindenis.
1193 770 1262 823 Nam
1272 780 1369 840 preter
1376 770 1432 840 pla·

366 870 426 925 pag.
442 851 485 916 ⁵0,
502 876 513 899 ι
528 850 652 905 denarios
670 868 793 913 uoccxn,
808 875 819 896 ι
833 848 876 902 vel
919 866 981 902 nem
1006 850 1228 921 perspicuamque
1256 848 1432 917 sententiam,

367 945 437 986 certe
446 948 545 997 tecnon,
554 929 680 1003 neglectis
689 927 721 982 ad
731 926 877 983 rotundum
920 943 980 1000 qun
990 945 1036 983 sna
1049 948 1077 983 se
1091 929 1153 982 lnce
1164 940 1263 992 tuetur,
1275 924 1305 979 id
1318 930 1433 983 maxime

367 1012 571 1082 sbsolntumqne
601 1026 760 1076 numerum,
794 1007 879 1061 dena·
920 1007 1075 1080 persuadet,
1092 1008 1166 1081 qnod
1182 1008 1213 1060 in
1233 1007 1332 1061 ceteris
1349 1026 1433 1078 pecu·

367 1090 414 1145 riis
433 1111 478 1145 ιιι.
496 1089 544 1143 Ηὶι
561 1090 700 1154 omnihus,
717 1101 748 1141 ut
762 1086 836 1153 dixi,
851 1099 879 1141 et
919 1085 972 1142 nin
991 1089 1147 1156 generibus,
1167 1106 1219 1141 sere
1235 1084 1377 1151 videlieet,
1392 1106 1433 1141 ar·

368 1169 472 1225 codices
478 1167 659 1234 adversantur,
666 1182 692 1222 et
701 1166 815 1223 nummi.
825 1164 878 1219 Sed
919 1176 1065 1239 gentoque,
1084 1168 1141 1240 pari
1152 1165 1289 1237 'diligentia
1301 1179 1433 1237 quantum

368 1248 442 1324 mand
455 1247 529 1304 hand
538 1248 629 1319 paullo
643 1246 757 1319 lepidius
770 1259 824 1311 est,
836 1246 880 1299 his
920 1244 988 1303 tucri
1005 1247 1154 1320 respublica
1169 1247 1285 1310 fecisset,
1299 1246 1356 1317 ipse
1370 1264 1434 1317 ape·

368 1330 472 1387 verbis.
500 1354 511 1377 ι
533 1327 712 1383 sestertiorum
738 1326 787 1397 qni
816 1339 879 1378 tuno
921 1328 1060 1381 ruit-«Ita
1072 1326 1192 1399 quinque
1204 1337 1293 1397 partes
1308 1326 1382 1379 lacte
1397 1325 1435 1378 ln·

369 1422 444 1463 erant
456 1434 468 1457 υ
484 1407 595 1462 Savotus
607 1406 754 1470 existimat,
773 1423 832 1477 cap.
851 1422 879 1474 7,
922 1406 975 1475 cri,
986 1406 1088 1478 inquit,
1101 1404 1315 1476 dissolutumque
1325 1422 1360 1457 ses
1372 1404 1437 1457 alie·

368 1506 430 1560 pag.
444 1487 510 1551 1⁵5,
524 1486 622 1557 signari
634 1484 765 1539 sestertios
775 1483 880 1555 septulo
921 1506 999 1541 num.
1013 1508 1025 1532 ι
1045 1485 1081 1538 Et
1103 1504 1180 1551 mox,
1210 1485 1239 1537 in
1261 1483 1434 1538 estimatione

368 1569 517 1639 graviores,
531 1584 610 1638 quam
627 1565 726 1618 luerint
740 1566 877 1635 vulgares:
921 1566 1023 1639 argenti
1048 1566 1167 1636 majore,
1186 1565 1248 1617 -1u
1266 1582 1334 1635 resp.
1354 1561 1435 1615 dimi·

370 1643 879 1720 quodcommentnmmeritoGrouovio
923 1646 999 1700 dium
1018 1646 1118 1698 lucrata
1138 1655 1185 1697 est.
1199 1668 1210 1689 ι
1227 1641 1303 1707 Quid
1323 1642 1436 1697 similius
1492 1676 1497 1686 ·

370 1727 453 1780 risum
472 1728 569 1788 movit,
589 1725 636 1777 lib.
655 1725 707 1789 111,
724 1723 758 1777 de
771 1725 881 1779 Sestert.
923 1727 996 1791 veri,
1014 1742 1094 1797 quam
1110 1724 1196 1776 simile
1219 1723 1375 1793 reipublice
1393 1722 1436 1776 ln·

370 1826 430 1880 pag.
449 1804 516 1876 393,
537 1818 564 1859 et
583 1804 692 1876 reliquae
712 1801 880 1856 eruditorum
923 1825 999 1861 orum
1016 1803 1045 1857 in
1062 1822 1127 1857 auro
1138 1802 1240 1874 signare
1253 1802 1370 1856 Plinium
1388 1821 1436 1855 vo·

372 1886 465 1939 turbas.
480 1885 621 1939 Preiverat
630 1886 725 1938 Savoto
738 1882 881 1955 Agricola,
923 1886 1004 1941 luisse
1017 1885 1058 1937 his
1069 1883 1170 1946 verbis,
1190 1910 1202 1931 .
1215 1880 1289 1954 quod
1306 1882 1395 1935 effecit
1406 1882 1436 1935 in

372 1966 419 2038 qui
432 1977 463 2017 ut
479 1965 550 2018 hunc
568 1961 670 2017 nodum
688 1962 820 2027 solveret,
836 1962 883 2015 tri·
925 1962 1281 2019 libras...sestertiosncccci
1292 1987 1304 2010 ι
1319 1962 1411 2015 Hsan.

371 2044 434 2117 plex
445 2043 615 2098 denariorum
625 2061 706 2113 genus
714 2054 883 2096 commentus
968 2046 1013 2099 52.
1034 2045 1124 2097 Erant.
1148 2042 1287 2112 melligo,
1309 2038 1336 2093 in
1356 2041 1437 2093 libras

373 2135 422 2189 est,
435 2123 469 2177 de
483 2122 669 2187 Monetis,s1b.
683 2122 726 2186 11,
739 2140 799 2192 pag.
816 2140 882 2191 ²79·
925 2124 1041 2197 singulas
1053 2123 1111 2177 anri
1126 2122 1234 2183 infecti,
1246 2120 1319 2194 qnod
1329 2120 1356 2173 in
1374 2139 1437 2173 asra·

372 2204 558 2275 Dalecampius
581 2204 609 2256 iu
642 2202 711 2255 uotis
736 2201 883 2267 plinianis,
926 2204 968 2257 rio
984 2204 1145 2264 servabatur,
1161 2200 1288 2274 quodque
1303 2199 1437 2254 interdum

374 2283 515 2337 Salmasius
526 2283 553 2335 in
566 2280 767 2353 vegrandimole
776 2281 884 2334 Exerci·
927 2282 1123 2337 distrahebatur
1130 2280 1164 2334 ad
1171 2300 1241 2345 vsu,
1247 2298 1381 2353 operaque
1387 2298 1438 2351 pu-

372 2363 504 2417 tationem
520 2360 554 2413 ad
573 2362 708 2423 solinum,
729 2361 835 2431 Lipsius
855 2360 884 2413 in
927 2364 997 2417 blica
1014 2379 1045 2415 ac
1059 2362 1173 2434 private.
1189 2361 1263 2413 Nulli
1283 2360 1347 2414 dum
1363 2360 1437 2413 eninr

373 2460 455 2513 opere
469 2453 592 2512 postumo
609 2440 643 2494 de
661 2442 700 2494 lle
716 2440 882 2501 nummaria,
928 2456 986 2496 tuan
1003 2442 1107 2495 nummi
1122 2453 1197 2495 erant
1214 2442 1302 2503 aurei,
1318 2441 1369 2493 nisi
1384 2441 1439 2493 sor·

374 2520 527 2576 Gronovius
537 2539 618 2591 opere
628 2540 690 2575 mox
700 2518 823 2584 laudato,
836 2537 885 2574 cre·
928 2523 1000 2576 tussis
1018 2522 1153 2595 peregrini
1172 2532 1199 2575 et
1220 2522 1330 2576 externi.
1348 2520 1439 2585 Quare

375 2601 496 2674 terique,
524 2602 614 2655 locum
638 2617 707 2654 'eum
737 2601 883 2667 intactum,
928 2601 1000 2674 apud
1021 2603 1146 2668 Livium,
1165 2620 1237 2674 apno
1259 2600 1342 2654 Urbis
1365 2599 1438 2667 543,

374 2680 884 2753 tamqnamloaeam,praetergressisunt.
927 2683 1027 2754 jussere
1052 2684 1143 2736 Patres
1164 2679 1264 2735 deferri
1292 2678 1325 2734 ad
1347 2680 1439 2732 trium·

375 2760 476 2812 Omnes
485 2758 518 2812 td
529 2759 586 2814 haec
601 2761 690 2822 verba,
704 2771 838 2828 tamquam
852 2756 887 2811 ad
929 2762 1000 2815 siros
1012 2762 1156 2815 mensarios
1165 2778 1275 2824 aarum,
1288 2771 1439 2831 argentum,

375 2839 525 2910 scopulum,
535 2835 710 2902 adhaeserunt,
721 2864 731 2885 ι
743 2837 818 2909 qnod
826 2837 887 2890 elfe-
930 2853 957 2894 et
974 2859 1009 2893 ass
1026 2860 1123 2905 omne,
1134 2839 1179 2894 sed
1191 2841 1312 2893 celatum
1326 2856 1334 2890 :
1353 2839 1440 2911 signa·

376 2917 412 2972 cit
432 2918 460 2972 in
478 2919 574 2981 libras,
595 2930 644 2971 etc.
661 2943 672 2965 ι
688 2918 739 2971 rati
758 2915 885 2969 nimirum
929 2931 1021 2976 tumre
1040 2918 1115 2991 apud
1137 2932 1238 2973 exteras
1257 2940 1264 2971 s
1284 2936 1383 2990 nempe
1408 2930 1441 2971 nt

375 3016 471 3052 nunca
482 2997 570 3050 Plinio
581 2997 687 3067 colligi,
697 2998 718 3049 si
728 2997 885 3067 scrupulum
929 2999 996 3052 illud
1005 3001 1033 3054 in
1043 2999 1107 3054 belli
1118 3012 1237 3070 sumptus
1245 2996 1440 3070 impenderent.

376 3077 434 3132 auri
451 3077 559 3130 unicum
571 3077 693 3130 sestertiis
704 3075 803 3128 vicenis
815 3076 886 3129 vale·
929 3077 1022 3134 Hsan.

375 3169 426 3220 ret,
435 3169 500 3228 quot
507 3156 631 3210 sestertiis
639 3155 705 3208 libro
712 3156 814 3226 integra
822 3156 887 3209 sesti·
971 3158 1017 3213 53.
1031 3161 1092 3212 Post
1110 3160 1161 3210 lsaec
1176 3158 1270 3228 placuit
1288 3158 1328 3211 X.
1342 3158 1394 3210 XL
1405 3161 1441 3212 st.

377 3235 472 3290 manda
486 3237 555 3289 foret
568 3255 575 3288 :
588 3233 700 3306 perinde
711 3253 740 3288 ac
756 3235 778 3287 ai
790 3253 844 3287 non
856 3233 886 3288 id
927 3244 1010 3307 gnari.
1023 3239 1080 3292 Hoc
1091 3252 1140 3301 est,
1149 3236 1322 3291 denariosxr..
1333 3237 1368 3290 Et
1377 3255 1440 3292 sane

377 3316 460 3370 cnivis
469 3314 626 3368 numerandi
635 3325 717 3368 artem
728 3314 834 3368 callenti
843 3315 886 3368 vel
929 3315 1052 3371 denarios
1064 3338 1096 3372 ex
1113 3336 1179 3386 agro
1192 3316 1247 3369 dici
1263 3317 1342 3370 initio
1360 3317 1442 3389 hujus

376 3395 555 3460 mediocriter,
568 3395 596 3447 in
612 3407 738 3465 promptu
752 3393 887 3449 essetelli·
930 3398 1023 3468 capitis
1049 3397 1209 3452 monuimus.
1228 3398 1290 3449 Post
1314 3397 1366 3450 im
1393 3414 1444 3448 an·

377 3493 446 3528 cere.
453 3471 539 3526 atiud
552 3492 614 3528 sane
629 3472 790 3528 reconditins
800 3473 887 3528 voluit
931 3488 984 3530 tem
996 3475 1298 3549 interpretor‚coniecto
1307 3476 1378 3528 bello
1391 3477 1441 3528 Pn-

376 3552 495 3607 indicare
512 3576 518 3605 z
533 3565 628 3626 quanta
646 3553 759 3623 scilicet,
776 3566 806 3606 ut
822 3553 888 3606 diri·
929 3557 992 3609 nico
1007 3555 1140 3618 secundo,
1158 3568 1237 3626 etque
1254 3554 1334 3618 adeo,
1351 3556 1373 3608 si
1388 3556 1442 3625 pla·

377 3651 451 3698 snus,
462 3633 530 3686 lucri
542 3633 654 3687 accessio
667 3635 745 3698 foret,
755 3648 887 3705 qnantum
931 3648 972 3689 cet
993 3636 1038 3701 ita,
1058 3650 1086 3690 et
1107 3635 1186 3689 tertio
1200 3648 1282 3704 :post
1306 3633 1441 3690 redditam

376 3712 532 3784 reipublicae
567 3712 707 3786 proficeret
740 3713 887 3780 erarium,
931 3715 1085 3786 reipublice
1102 3712 1322 3786 paeemdevicrs
1335 3713 1444 3768 Cartha·
1539 3746 1542 3751 ·

376 3811 459 3864 quum
473 3795 559 3865 major
577 3803 643 3846 esset
656 3793 713 3846 anri
732 3792 887 3859 estimatio,
931 3795 1001 3866 gine.
1012 3793 1104 3848 lisan.
1113 3826 1153 3838 ·-
1163 3794 1225 3845 Post
1238 3794 1290 3846 tae
1299 3795 1394 3865 placuit
1402 3793 1442 3848 Χ.

376 3884 563 3943 taxareturque
568 3873 666 3926 vicenis
672 3872 804 3934 sestertiis,
814 3871 887 3946 qnod
934 3875 986 3926 XL
996 3877 1091 3944 signari
1103 3893 1133 3926 es
1144 3877 1200 3926 anri
1213 3873 1297 3940 libris,
1312 3875 1444 3945 paulatin·

376 3965 452 4006 antea
468 3952 579 4006 minoris
590 3953 674 4005 multo
688 3952 862 4006 estimaretur
878 3973 885 4006 ι
931 3973 976 4026 que
984 3951 1104 4025 principes
1122 3957 1258 4006 ιἰιιιιιίιιιιινο
1267 3953 1384 4024 pondus:
1400 3956 1446 4006 usi·

377 4050 473 4104 nempe
488 4044 519 4086 ut
532 4031 657 4105 colligere
670 4031 753 4086 cuivis
768 4033 888 4104 proclive
931 4036 1052 4087 misine
1061 4034 1141 4098 Nem,
1155 4034 1191 4086 ed
1198 4033 1287 4088 XLV.
1296 4034 1336 4086 lta
1348 4035 1413 4104 lleg.
1426 4053 1442 4086 u

378 4109 664 4168 estsnbdnctaratione
675 4112 751 4174 lucri,
762 4111 888 4167 murrii·
932 4111 993 4166 cod.
1022 4127 1049 4168 et
1074 4113 1141 4168 alter
1169 4113 1288 4168 Msroetli
1320 4111 1444 4178 Corvini,
