3100 5125
382 565 429 647 do
648 561 687 629 C.
712 560 886 632 PLINII
909 559 1021 634 MT.
1045 558 1175 629 HIST.

380 691 596 788 Argentum'²
612 690 776 787 signatum
793 709 844 765 est
859 718 947 764 anno
960 692 1064 763 Urbis
1082 710 1302 777 coccum,
1315 689 1360 778 Q.
1379 690 1445 757 Fa·

380 800 436 869 bio
457 796 608 882 consule,
628 800 772 893 quinque
797 786 923 871 unnis²³
941 813 1019 869 ante
1034 798 1180 892 primum
1198 793 1322 866 bellum
1338 795 1446 863 Puni·

347 917 364 978 3
383 931 470 977 cum.
484 909 528 975 Et
547 904 671 1000 placuit
687 897 892 977 denarium²⁴
905 932 968 1002 pro
987 905 1101 975 decem
1114 901 1205 972 libris
1218 902 1311 990 aeris,
1326 902 1445 995 quina·

381 1108 517 1179 turiusque
542 1125 576 1161 ex
610 1124 692 1161 censu
719 1106 891 1181 descripserit
932 1110 1041 1181 quintus
1054 1119 1116 1161 ente
1128 1104 1261 1159 Punicum
1275 1103 1377 1157 bellum
1389 1102 1451 1175 pri·

383 1188 489 1243 Servius
502 1186 606 1247 Tullius
624 1205 669 1241 rex
688 1188 889 1253 Romanorum,
933 1206 1007 1243 mum
1021 1205 1107 1241 annus
1120 1186 1186 1240 elius
1198 1203 1253 1238 esse
1262 1195 1360 1255 potest,
1369 1185 1404 1236 eb
1412 1200 1448 1236 eo

383 1266 495 1323 disceex
504 1265 592 1329 Livio,
603 1266 651 1319 lib.
662 1267 684 1329 Ι,
695 1279 756 1338 post
763 1267 892 1325 medium.
932 1285 1012 1340 quem
1031 1266 1158 1320 diximus.
1177 1266 1257 1319 Certe
1276 1264 1304 1316 iu
1325 1262 1447 1317 chifflet.

336 1352 338 1358 ⁴
383 1347 474 1399 Festus
487 1366 494 1396 ε
507 1346 579 1398 Infra
595 1344 702 1398 classem
718 1346 889 1418 significetur,
934 1346 1025 1401 codri
1036 1345 1168 1409 credimus
1181 1342 1380 1406 cucumeris,
1393 1342 1445 1395 lib·

383 1427 431 1497 qui
440 1426 544 1478 minore
551 1442 653 1477 summe
661 1443 740 1497 quem
749 1439 857 1480 eentum
865 1439 893 1480 et
934 1426 968 1481 de
977 1426 1069 1496 Antiq.
1080 1443 1155 1479 num.
1169 1443 1193 1478 c.
1208 1441 1237 1493 7,
1247 1443 1276 1494 p.
1286 1422 1334 1488 5⁵,
1345 1420 1448 1475 diserte

383 1504 476 1576 viginti
486 1504 599 1557 millium
612 1504 672 1558 uris
681 1505 847 1560 censitum.-
857 1506 892 1561 Η.
934 1506 1040 1577 legitur,
1050 1501 1448 1561 occurrunt-uror.

427 1604 473 1638 υ.
484 1584 620 1653 Argentum
637 1587 758 1655 signatum
774 1598 811 1638 est
829 1605 893 1638 annu
938 1588 972 1655 Q.
984 1586 1078 1655 Oguln.
1094 1585 1124 1638 C.
1133 1584 1213 1636 Fabio
1223 1602 1283 1636 eost.
1294 1583 1346 1635 En.

387 1664 459 1719 Urbis
483 1662 729 1730 CCCCLXXXV,
757 1665 790 1735 Q.
813 1665 893 1719 Fabio
977 1666 1023 1719 23.
1046 1667 1158 1737 Quinque
1178 1667 1257 1715 mnis.
1275 1661 1351 1725 Sive,
1371 1658 1448 1731 quod

384 1744 495 1807 consuls,
509 1746 611 1814 quinquc
630 1747 699 1797 ωυιὶι
720 1756 776 1805 aute
790 1747 894 1817 primm
936 1742 1033 1798 eudem
1048 1744 1132 1798 ferme
1141 1740 1252 1807 recidit,
1264 1754 1294 1795 ut
1304 1739 1397 1793 Livius
1409 1739 1448 1793 nit

384 1824 472 1877 belim
485 1821 612 1876 Punicum.
634 1825 675 1877 Ite
696 1824 758 1876 libri
783 1843 895 1890 omnes,
935 1824 964 1877 in
976 1824 1101 1894 Epitome
1113 1823 1175 1875 libri
1186 1823 1239 1874 XV
1253 1840 1261 1874 ι
1278 1819 1382 1873 -Victis
1392 1819 1447 1873 Τι-

383 1899 558 1956 nulloeddito
566 1902 794 1973 collegs,consuli
802 1904 894 1957 Fabio.
935 1903 1078 1957 rentiuir...
1100 1915 1165 1956 tunc
1188 1900 1306 1972 primum
1329 1898 1447 1970 populus

383 1983 417 2035 In
438 1984 534 2052 Rege
556 1980 615 2034 cod.
635 1983 740 2053 legitur,
761 1984 794 2053 Q.
811 1984 845 2038 0.
862 1983 893 2037 C.
935 2001 1061 2036 romanus
1071 1980 1228 2052 argentoutl
1241 1980 1347 2050 carpit.»
1358 1980 1448 2033 vrnc

384 2062 472 2113 Fabio.
481 2058 563 2115 Unde
573 2050 809 2133 Gruterumddtiq.
818 2064 894 2116 Lect.
937 2074 1027 2115 temen
1039 2060 1112 2133 apud
1125 2059 1227 2115 Charis.
1240 2059 1334 2113 Auuel.
1348 2058 1396 2110 lib.
1412 2058 1443 2125 1,

384 2140 432 2193 lib.
444 2142 482 2205 11,
493 2158 550 2210 cap.
564 2141 779 2212 111‚legeudum
789 2142 834 2196 hic
843 2160 895 2212 pu·
937 2141 976 2195 sic
1000 2142 1105 2213 scripsit
1127 2157 1135 2192 :
1165 2141 1335 2193 «Nummum
1354 2155 1449 2209 argeu-

386 2231 441 2286 tet‚
455 2221 488 2289 Q.
503 2220 627 2289 Ogulnio,
642 2219 673 2274 C.
686 2222 895 2274 Fadiocoss.Ve·
938 2232 1011 2273 tcum
1034 2219 1180 2274 conflatum
1203 2220 1321 2289 primum
1349 2236 1365 2271 ι
1387 2218 1446 2271 Ser.

385 2317 446 2351 rum
463 2297 536 2351 haud
553 2297 680 2352 credibile
700 2313 739 2353 est
756 2300 896 2354 librarium
937 2301 1029 2354 Tullio
1039 2299 1141 2353 dicunt.
1157 2324 1169 2347 ι
1188 2297 1241 2351 Sed
1254 2298 1305 2351 hec
1318 2295 1449 2367 loquendi

384 2372 500 2430 v'oluisse
510 2378 565 2429 sole
577 2378 662 2431 littere
676 2378 846 2447 OOguluium
856 2382 897 2433 in·
939 2379 1025 2432 forma
1035 2381 1161 2432 obscuros
1173 2396 1228 2431 esse
1237 2378 1314 2430 fame
1323 2377 1394 2430 illius
1404 2394 1448 2429 eu·

385 2457 477 2527 telligi.
497 2458 591 2527 Itsque
607 2457 676 2510 nihil
691 2457 847 2513 mutandum
867 2460 897 2511 in
939 2469 1025 2512 ctores
1042 2457 1179 2528 significet.
1198 2456 1259 2509 Scio
1277 2456 1311 2510 T.
1332 2456 1448 2509 Minucii

386 2554 417 2591 ea
431 2536 562 2607 scripture
578 2554 731 2602 censemus,
744 2556 823 2610 quem
837 2557 896 2592 om·
939 2536 1084 2610 Augustini
1101 2554 1241 2590 nummum
1255 2536 1386 2608 proferri,
1400 2534 1449 2590 sed

386 2635 433 2670 nes
448 2617 512 2668 libri
524 2628 624 2670 veteres
639 2618 773 2671 exhibent.
792 2619 897 2672 Trium·
939 2620 995 2689 ejus
1005 2636 1059 2672 esse
1068 2634 1147 2689 nego,
1159 2617 1206 2688 qui
1218 2616 1311 2670 consul
1325 2616 1376 2669 tuit
1385 2627 1447 2670 ente

387 2695 440 2748 viri
455 2695 593 2748 monetalis
604 2713 635 2748 ex
649 2709 725 2766 gente
740 2697 837 2758 Fabiu,
847 2698 897 2750 ho·
940 2698 995 2752 fere
1005 2717 1040 2750 xr.
1055 2715 1134 2768 quem
1148 2708 1263 2767 emptum
1274 2696 1307 2749 sit
1316 2697 1448 2750 Punicum

387 2773 485 2844 dieque
506 2791 632 2828 nummus
653 2787 735 2827 exstet
753 2776 781 2830 in
803 2775 896 2830 Museo
939 2776 1058 2830 bellum:
1076 2779 1151 2848 cujus
1166 2776 1200 2828 sit
1217 2787 1304 2829 tumen
1322 2793 1449 2830 nummus

387 2852 527 2905 Perisiensi
548 2865 654 2917 nostro,
676 2855 752 2924 cujus
769 2868 896 2926 ectypum
939 2855 997 2922 itte,
1009 2856 1158 2910 obscurum.
1175 2855 1268 2908 Henn.

388 2931 496 2986 Petinus
514 2931 635 2996 exhibet,
652 2933 681 2986 iu
698 2946 775 3005 geute
797 2935 896 3002 tabia,
982 2944 1027 2999 πά.
1042 2936 1081 2987 Et
1096 2936 1192 3006 placuit
1206 2935 1338 2988 denarium.
1352 2933 1451 2988 Subin-

388 3030 450 3083 pag.
472 3027 534 3081 107,
555 3029 615 3064 cum
634 3012 683 3066 hcc
702 3013 846 3084 epigraphe
863 3033 895 3068 cx
940 3015 1044 3085 collige,
1065 3028 1095 3067 ut
1121 3016 1206 3081 infre,
1226 3015 1379 3087 permutari.
1404 3015 1449 3068 Sic

388 3108 478 3144 eversa
492 3103 580 3161 parte.
604 3110 647 3145 ux.
665 3111 691 3150 u·
710 3111 753 3146 rv.
774 3093 827 3148 hoc
842 3107 896 3160 est,
939 3095 1011 3148 enim
1025 3095 1215 3166 ussuega,
1228 3095 1325 3153 etalii.
1341 3113 1396 3147 uon
1405 3095 1449 3146 de·

389 3190 419 3221 or
430 3181 530 3238 urgento
541 3190 613 3240 puro,
625 3189 670 3224 seu
684 3171 774 3243 potius
781 3173 896 3243 publicc3
940 3177 1031 3239 narius,
1043 3179 1209 3245 quinariusre,
1229 3187 1260 3227 ut
1274 3173 1338 3227 editi
1352 3191 1360 3227 t
1380 3193 1449 3246 quo·

389 3268 421 3304 ex
432 3248 539 3302 adverse
548 3264 607 3304 suut
613 3251 695 3322 big,
706 3269 767 3304 cum
779 3253 894 3318 ciconia,
938 3273 999 3307 rum
1005 3254 1048 3308 vel
1056 3273 1088 3307 ex
1098 3273 1130 3307 eo
1141 3272 1217 3308 error
1222 3252 1363 3325 detegitur,
1374 3252 1450 3324 quod

389 3328 462 3400 quod
474 3328 560 3381 Fabia
568 3331 652 3402 gentis
662 3331 774 3402 insigne,
783 3333 896 3387 subscri·
940 3335 1027 3387 stetim
1047 3338 1176 3386 sestertium
1200 3338 1242 3387 vel
1264 3334 1314 3404 ipsi
1338 3351 1449 3404 quoque

388 3409 523 3480 nitarque,
534 3428 559 3462 c.
571 3427 641 3462 ruer.
660 3428 684 3463 u.
700 3431 725 3464 r.
740 3410 792 3464 sed
808 3426 834 3466 et
848 3433 895 3466 eu·
939 3413 1036 3484 legent.
1064 3414 1148 3467 Porro
1165 3414 1287 3467 denarius
1307 3425 1449 3484 argenteus

389 3505 454 3540 num
472 3487 642 3555 refluximus,
662 3510 715 3562 quo
732 3493 896 3546 consulatum
941 3489 1110 3564 (cujusmodi
1129 3505 1191 3546 suut
1206 3492 1356 3546 consuleres
1368 3492 1450 3564 pleri·

388 3568 470 3620 umbo
499 3568 606 3638 gestisse
629 3568 770 3636 dicuutur,
800 3590 898 3645 nempe
941 3569 1014 3644 que),
1027 3573 1123 3626 sicum
1137 3573 1450 3643 monetenoetrrprolm·

392 3645 599 3700 CCCCLXXX
599 3649 632 3712 V,
644 3668 726 3721 quum
747 3653 897 3706 centenario
941 3653 1039 3705 tissime
1050 3672 1083 3706 ex
1095 3663 1201 3724 urgento
1212 3663 1399 3722 componatur,
1410 3652 1451 3704 le·

389 3723 493 3796 integro
519 3725 622 3781 codices
649 3741 705 3782 tum
733 3730 811 3784 MSS.
840 3743 897 3784 tum
940 3731 1308 3803 gitimuestimetionevelere
1319 3729 1450 3784 dicendus

389 3803 454 3858 editi
468 3805 631 3878 discrepent,
646 3810 674 3862 iu
684 3810 781 3881 quibus
791 3811 896 3882 legitur,
939 3824 978 3864 cst
990 3830 1058 3865 esses
1075 3831 1155 3866 creos
1168 3813 1279 3865 omnino
1291 3825 1370 3864 octo:
1386 3811 1450 3882 qui·

391 3884 656 3953 cccccnffltfi
672 3890 814 3943 centenurii
833 3904 896 3944 notu
938 3891 1044 3959 uerius,
1054 3903 1167 3962 quatuor
1178 3909 1184 3945 ε
1197 3891 1347 3957 sestertius,
1359 3890 1448 3943 binos.

388 3963 514 4042 'videlicet
529 3965 687 4022 abundante.
709 3969 747 4021 Eo
762 3982 833 4023 certe
849 3989 895 4022 eu·
939 3970 999 4023 Scio
1010 3973 1042 4027 eb
1051 3969 1156 4025 erudito
1165 3971 1277 4036 viro,iu
1286 3969 1448 4042 Mastigoplr.

387 4059 434 4109 uo,
440 4061 518 4116 quem
531 4044 672 4110 edidimus,
683 4049 804 4102 consules
816 4048 895 4103 luisse
942 4067 987 4115 11,
998 4069 1059 4122 pag.
1072 4050 1117 4112 31,
1132 4063 1184 4104 ete
1196 4047 1342 4113 Gesseudo,
1355 4048 1383 4100 in
1396 4067 1447 4118 up·

347 4163 350 4172 .
389 4121 424 4186 Q.
441 4125 588 4195 Ogulnium
608 4127 731 4194 Gallum,
751 4142 777 4181 ct
796 4130 827 4182 C.
844 4129 893 4182 Fu·
937 4128 1051 4200 peudice
1068 4129 1101 4183 ed
1121 4130 1165 4182 111
1183 4143 1248 4185 tom.
1263 4128 1361 4183 Philet.
1378 4127 1448 4198 Epi·

387 4199 463 4256 bium
476 4204 610 4260 Pictorem
621 4207 692 4272 Festi
705 4206 831 4262 trudunt:
843 4228 893 4264 uec
936 4209 992 4263 curi
1000 4247 1009 4277 ,
1017 4209 1127 4264 minoris
1137 4208 1259 4264 estimari
1269 4227 1276 4262 z
1285 4207 1367 4263 taxari
1373 4207 1447 4262 cuim
