3100 5125
314 465 385 536 622
591 461 632 530 Ε.
656 459 827 530 PLlNll
848 463 955 532 NAT.
979 463 1105 530 HIST.

317 602 352 669 in
361 595 441 693 ipsis
454 591 656 665 umbonibus
669 593 795 663 nitente
807 577 842 678 ¹³,
855 581 1014 688 preterea
1028 593 1194 663 substrato
1204 593 1387 688 nigerrimo

315 702 439 774 colore.
457 705 504 771 Et
520 699 586 768 hoc
603 702 639 767 in
658 697 780 770 Indicis
800 723 933 769 cereum
952 714 1009 767 out
1026 723 1185 769 corneum
1204 701 1382 786 invenitur,

315 789 1401 898 etiamcirculinlbi:quaednminiiscselestisarcusanhelatio¹⁴est⁴
1441 823 1444 830 ’

282 941 299 998 s
317 912 605 1009 superficicsvem
618 909 820 980 locustarum
834 895 965 981 mnris¹⁵
982 912 1100 981 crustis
1112 911 1293 982 rubentior.
1309 915 1383 982 Jom

318 1019 463 1106 melleae,
482 1031 541 1088 aut
558 1015 738 1087 faeculentae
761 1007 848 1109 (hoc
866 1019 953 1087 enim
978 1041 1101 1086 nomen
1122 1031 1172 1087 est
1191 1007 1310 1112 vitio),
1327 1020 1387 1087 im·

319 1126 521 1221 probantur:
538 1125 612 1192 etsi
624 1146 708 1192 zona
724 1122 801 1208 allia
817 1109 968 1196 fundut¹⁶
980 1147 1014 1194 sc
1026 1148 1113 1210 ‚non
1125 1122 1267 1219 colligat.
1285 1123 1387 1193 Simili

320 1231 438 1316 modo,
451 1231 482 1300 si
499 1254 540 1298 ex
557 1227 623 1299 olio
640 1227 753 1298 colore
771 1230 806 1297 in
826 1253 862 1299 se
878 1229 1033 1299 admittat
1052 1228 1175 1324 aliquid
1196 1232 1386 1299 enormiter.

319 1337 412 1409 Nihil
427 1338 515 1406 enim
535 1336 568 1404 in
586 1359 646 1404 suu
666 1334 743 1404 sede
761 1332 869 1406 alieno
888 1333 1090 1432 interpellari
1111 1334 1229 1430 placet
1251 1337 1337 1405 Sunt
1355 1350 1389 1405 et

322 1444 545 1526 Armeniacus,
561 1455 680 1511 cetero
699 1441 899 1535 probando,
914 1441 971 1512 sed
991 1441 1113 1536 pallida
1130 1466 1225 1512 zona.
1290 1477 1298 1484 ·

292 1587 302 1621 ι
376 1551 502 1618 xxlv.
525 1545 732 1641 Exponenda
752 1561 803 1616 est
824 1562 857 1617 et
874 1548 1012 1642 onychis
1030 1549 1132 1644 ipsius
1149 1543 1303 1634 nitura¹‚
1317 1571 1389 1642 pro·

323 1670 397 1749 pter
417 1654 560 1723 nominis
585 1655 803 1722 societatem:
830 1653 952 1723 hocin
980 1675 1144 1749 gemmam
1169 1651 1330 1722 transilit¹
1351 1677 1391 1722 ex

323 1760 431 1856 lapide
443 1760 639 1828 Carmaniae.
653 1756 794 1827 Sudines
807 1745 906 1828 dicit³
924 1760 957 1828 in
978 1783 1108 1853 gemma
1124 1784 1194 1830 esse
1211 1759 1392 1848 candorem

324 1867 443 1961 unguis
468 1865 606 1933 humani
633 1862 870 1935 similitudine:
892 1867 969 1935 itein
1000 1864 1193 1959 chrysolithi
1221 1863 1389 1948 colorem,

325 1972 444 2058 snrdae,
463 1985 497 2040 et
522 1968 662 2064 iaspidis.
684 1969 895 2040 Zenothemis
923 1971 1071 2041 Indicam
1092 1971 1256 2066 onychem
1281 1971 1392 2066 plures

369 2202 413 2256 13.
424 2198 476 2252 Sed
486 2201 512 2250 in
524 2197 728 2270 {osnnnbonibus
736 2201 834 2252 cinnes.
880 2212 924 2272 git
935 2200 963 2252 in
972 2199 1136 2270 proximum,
1145 2215 1195 2252 nec
1203 2199 1259 2270 ipen
1268 2217 1301 2252 er
1311 2201 1394 2254 nltcro

327 2277 837 2352 PmphrnsisSolini‚c.xxxn1‚p.63,
880 2291 1029 2332 mutuetur.
1043 2305 1055 2326 ι
1071 2279 1163 2333 Hinn.

327 2357 550 2428 derordonychc:
562 2381 573 2404 ι
587 2355 715 2410 Medicus
724 2359 839 2412 circum·
921 2358 1024 2411 xxiv.
1039 2375 1061 2410 1.
1080 2358 1234 2429 Exponenda
1249 2369 1322 2410 estet
1334 2377 1396 2430 ony-

327 2441 382 2494 itnr
403 2438 489 2490 limite
513 2435 714 2492 candicante...
734 2437 838 2509 reliqua
882 2438 1015 2508 chisipsr'm
1024 2449 1121 2491 natura.
1128 2436 1215 2490 llodic
1225 2436 1297 2490 docti
1311 2457 1396 2510 prope

328 2519 406 2592 nigro
418 2517 560 2571 liniuntur.
576 2540 588 2561 ·
606 2516 699 2570 Hinc.
882 2518 1251 2589 omnesonychemgemmnm
1259 2535 1320 2571 cnm
1328 2535 1397 2590 ony-

372 2606 418 2662 14.
431 2597 539 2651 Calatis
554 2615 623 2647 arcui
643 2597 774 2649 anhelatio.
786 2594 841 2648 Ad·
884 2598 1075 2651 chcmsrrnorc
1083 2595 1261 2651 confundunt.
1270 2598 1398 2651 Ubicum-

330 2677 477 2741 umbrutio,
497 2674 634 2729 inchoatio
655 2696 663 2726 ι
688 2689 769 2746 atquc
795 2676 840 2729 ills
883 2695 1011 2749 quconyc
1026 2695 1076 2747 pro
1088 2677 1264 2749 unguentario
1279 2696 1399 2749 νεκρο-

328 2757 427 2811 coloris
434 2755 513 2809 uuinr
524 2755 552 2806 in
559 2753 673 2808 alterum
685 2755 838 2809 inclinatio:
883 2758 968 2820 nitur,
976 2774 1031 2809 non
1046 2755 1081 2809 de
1090 2774 1194 2829 gemma
1206 2756 1292 2828 accipi
1303 2756 1398 2821 dehet,

329 2838 397 2891 etin
414 2835 524 2889 transitu
535 2831 643 2905 quidum
657 2834 733 2887 labor
749 2848 777 2887 ct
793 2854 841 2888 on·
884 2835 930 2890 sed
944 2834 979 2889 de
988 2834 1091 2907 lupide,
1102 2837 1144 2889 nel
1157 2852 1297 2890 marmore.
1311 2836 1397 2890 Sua.

329 2916 435 2970 helario.
452 2914 496 2967 Sic
513 2913 590 2967 MSS.
607 2932 712 2980 omncs,
731 2928 757 2969 ct
772 2914 841 2986 typi.
872 2917 1033 2986 ¹-Onyclu's
1041 2918 1222 2986 ipsimiratura.
1232 2917 1313 2987 Onyx
1324 2935 1398 2987 gern-

329 2996 420 3049 Hsnu.
886 3014 928 3049 mu
939 2990 1111 3066 (quarn-agneo
1123 3014 1198 3066 onyx,
1208 2997 1344 3049 calcedoine
1356 3016 1399 3047 ru·

374 3074 422 3129 15.
447 3074 601 3125 Mutum
626 3078 710 3127 naris.
735 3074 776 3125 De
800 3072 843 3124 his
886 3074 1097 3146 hamdeprorrns
1110 3074 1213 3128 diverso
1228 3088 1267 3129 est
1285 3076 1319 3129 rb
1332 3094 1401 3145 ony-

227 3208 235 3217 ,
330 3153 592 3223 tih.xxxl1,np.
615 3150 661 3205 53.
679 3153 738 3205 Hoc
755 3152 841 3205 multo
886 3155 935 3207 che
956 3172 1089 3207 marmore
1114 3153 1227 3217 (autin
1247 3152 1345 3220 coine),
1363 3153 1399 3209 de

331 3234 440 3287 brevius
448 3232 628 3301 Solinnncup.
642 3249 743 3297 xxxin,
753 3249 783 3301 p.
794 3231 841 3295 63,
885 3252 940 3304 qno
948 3233 1057 3298 Noster,
1069 3234 1088 3285 l.
1100 3234 1235 3297 XXXVI,
1244 3253 1267 3288 c.
1283 3253 1330 3288 ro.
1345 3234 1398 3286 En.

332 3312 507 3385 pretermisso
537 3312 698 3364 locustarum
725 3328 843 3378 comine-
886 3342 927 3353 -·
943 3312 1059 3385 onychis.
1081 3314 1160 3367 Nunc
1174 3332 1255 3365 conca
1272 3323 1400 3376 vocator,

333 3392 499 3446 inorntioncz
518 3415 530 3437 ι
541 3389 700 3461 Snpcrlicier
715 3392 772 3463 ejus
784 3410 845 3461 pro·
888 3403 954 3445 terte
977 3392 1124 3457 Eucherii,
1143 3393 1285 3458 linvm,
1302 3390 1399 3445 mnndi

333 3474 421 3535 betur,
431 3470 702 3524 simernciusrubcut:
714 3471 845 3541 arguitur,
888 3472 1001 3525 subterr.
1016 3490 1075 3542 pag.
1093 3474 1140 3525 81.
1157 3472 1247 3543 Huni).

334 3551 451 3605 siluerit
463 3549 637 3603 luculentior.
653 3574 665 3595 ι
680 3551 771 3603 lino.
932 3571 957 3604 2.
973 3552 1098 3603 Transilit.
1110 3552 1212 3605 Broter.
1229 3570 1261 3605 cx
1272 3552 1357 3623 Regg.
1373 3570 1400 3614 a,

378 3636 423 3685 16.
437 3630 474 3682 Et
486 3633 507 3683 si
518 3649 580 3681 nonu
596 3628 653 3680 atta
659 3630 762 3696 fundat.
773 3630 845 3684 Etsi
891 3630 919 3697 3,
931 3636 957 3695 5,
970 3634 998 3695 6,
1013 3634 1117 3684 tmnsiit.
1129 3632 1180 3684 En.

332 3707 844 3789 circuluscondidusinnicinoscolorcs
930 3708 958 3763 ³.
983 3710 1086 3763 Sudines
1112 3710 1178 3763 dicit.
1202 3710 1235 3761 Et
1260 3708 1400 3771 Isidorus,

334 3788 456 3842 effundet
473 3808 516 3852 sc,
534 3807 589 3857 non
607 3788 633 3840 in
654 3807 682 3841 sc
701 3788 783 3841 sistat.
804 3822 845 3833 -—
889 3789 964 3860 Orig.
984 3790 1033 3843 lib.
1055 3790 1138 3853 XVI,
1153 3806 1211 3860 esp.
1233 3792 1271 3845 8:
1297 3789 1400 3860 ·0nyx

335 3868 393 3922 Hoc
413 3881 468 3931 est,
488 3869 603 3922 circulos
620 3866 667 3920 illc
685 3866 845 3940 praelucidus
888 3868 1095 3941 appellats,qnoe
1105 3870 1186 3922 hebet
1200 3869 1228 3921 in
1241 3886 1268 3920 se
1280 3868 1401 3937 permix-

333 3966 414 4018 suprn
434 3945 635 4017 draconisque
654 3966 709 3999 non
728 3949 842 4018 gracilis.
887 3960 945 4001 turn
969 3948 1113 4002 uodonem
1145 3950 1172 4002 in
1196 3946 1401 4001 similitudinem

333 4026 419 4080 Solini
434 4026 667 4098 panphminne
679 4026 725 4080 cit.
741 4052 752 4075 ι
768 4028 845 4099 Opti·
890 4028 986 4099 nnguis
1004 4028 1122 4081 humani.
1148 4028 1234 4082 Gruci
1255 4028 1327 4080 enim
1351 4044 1402 4079 nn·
1547 4024 1548 4055 l

333 4107 540 4172 monimum
552 4106 668 4159 colorem
681 4124 758 4161 sunm
771 4125 845 4178 spu-
888 4124 966 4177 gurm
980 4109 1055 4177 ὄνυχα
1064 4106 1290 4162 ἀίωιιι.ιΗιιιυ.
1547 4130 1548 4205 y
