3100 5125
471 535 626 603 LIBER
650 533 858 603 XXXVII.
1125 531 1197 606 633

134 687 197 733 suo
210 663 329 734 virenti
341 687 480 758 genere,
498 680 532 735 et
543 689 646 759 quum
658 679 791 760 reperta
804 677 869 752 est,
872 659 1025 778 praelatae
1033 665 1196 736 omnibus.

132 769 176 836 Id
197 768 344 838 accidit
335 793 368 837 ιιι
387 770 516 840 Arabiae
537 769 642 840 insula
651 795 752 864 ,qun
769 768 892 864 Cytis²
905 784 1065 840 vocatur·
1080 772 1115 840 in
1129 795 1196 867 qua

133 873 331 969 Trogodytae
348 876 536 969 praedones,
554 876 675 945 diutius
688 876 775 944 fame
792 890 826 945 ct
848 862 1062 970 tempestate³
1082 878 1196 971 pressi,

133 1003 237 1072 quum
257 980 376 1051 herhas
401 981 592 1075 radicesque
613 981 818 1068 effodere-nt,
847 996 1004 1051 eruerunt
1031 985 1195 1116 topazion.

134 1087 217 1154 Haec
236 1084 389 1156 Archelai
411 1089 573 1156 sententia
593 1102 653 1157 est.
675 1088 762 1157 Juha
789 1090 944 1218 Topazop
967 1076 1138 1172 insulam,
1163 1090 1197 1157 in

135 1190 254 1260 Rubro
271 1193 387 1260 maria
405 1196 596 1262 continente
617 1194 681 1262 diei
702 1195 910 1289 navigatione
923 1180 1066 1263 ⁵abcsse
1081 1193 1198 1278 tradit,

136 1295 350 1384 nebulosam,
374 1311 408 1366 et
425 1298 499 1368 ideo
519 1301 689 1418 quaesitam
712 1323 800 1429 saepp
825 1300 1073 1394 navigantibus,
1095 1324 1136 1368 ex
1159 1323 1199 1368 ea

135 1425 236 1470 causa
265 1427 387 1472 nomen
414 1406 588 1498 accepisse.
622 1391 792 1500 Topazin⁶
818 1406 905 1473 onim
932 1405 1196 1499 Trogodytarum

134 1505 248 1601 lingua
268 1508 538 1604 significationem
557 1511 680 1580 habere
701 1509 878 1604 quaerendi.
904 1513 954 1578 Ex
967 1509 1031 1579 hac
1053 1512 1225 1628 primum,

135 1612 347 1706 importatum
366 1618 532 1684 Berenice
554 1617 695 1711 reginae,
722 1641 796 1711 quae
816 1616 879 1684 fuit
904 1631 1009 1684 mater
1031 1616 1196 1710 sequentis

136 1709 573 1808 Ptolemaei⁷aPh1lemone
582 1722 737 1816 praefecto
753 1723 857 1818 regis,
868 1745 907 1791 ac
922 1723 1004 1790 mire
1020 1721 1219 1816 placuisse:-

136 1837 171 1892 et
192 1824 268 1894 inde
296 1825 417 1895 factam
448 1840 590 1896 statuam
617 1827 765 1897 Arsinoae
791 1824 959 1896 Ptolemaei
987 1824 1195 1920 Philadelphi

136 1917 252 2000 urori⁸
253 1982 263 2018 ,
281 1946 424 2026 quatuor
445 1932 662 2022 cubitorum⁹,
683 1947 844 2002 sacratam
869 1933 904 2000 in
926 1930 1087 2020 delubro,
1108 1930 1199 2026 quod

135 2126 180 2168 ort
192 2114 317 2185 Orpheus
326 2114 374 2168 lib.
384 2114 439 2185 eripi
447 2115 516 2168 λίθων
526 2154 534 2180 ,
543 2115 647 2186 scriptis
689 2134 736 2169 nes
747 2117 816 2180 iere,
824 2116 888 2186 Reg.
901 2115 977 2170 Coib.
990 2115 1097 2168 Fux.At
1106 2113 1197 2170 chiffl.

135 2191 172 2245 de
190 2213 224 2245 eo
238 2194 331 2247 multis
346 2206 373 2246 et
390 2195 506 2248 venustis
524 2195 647 2248 carmini·
692 2195 741 2249 CC
750 2195 851 2259 studita,
870 2195 964 2247 horum
986 2197 1127 2248 verborum
1141 2193 1199 2247 vice

134 2271 196 2324 hue.
206 2273 274 2325 Dar..
285 2301 324 2314 -
333 2274 451 2341 Topaeio.
463 2275 528 2326 liter.
536 2273 647 2327 totidem
688 2275 761 2346 legit.
767 2271 1111 2337 Libriomuesediti,stndiir
1120 2271 1199 2339 CCC,

134 2351 226 2404 verbis
244 2351 379 2415 Isidorus,
400 2353 475 2423 Orig.
495 2353 542 2406 lib.
566 2354 648 2419 XVI,
690 2356 743 2408 hoo
753 2366 807 2416 est,
819 2370 912 2406 xxxvrr
929 2371 960 2406 ιι.
976 2371 1003 2406 n.
1020 2370 1086 2423 pass.
1104 2351 1138 2406 II.

134 2448 198 2501 cap.
225 2449 252 2500 7.
282 2432 513 2502 Chrysalithomm
544 2432 649 2503 generis
731 2438 758 2487 6.
776 2435 894 2503 Topeain.
918 2431 1037 2485 Isidorus
1055 2432 1106 2484 loc.
1127 2431 1198 2484 citat.

135 2527 194 2562 esse
207 2527 279 2562 nunc
292 2529 306 2562 a
317 2511 410 2583 peritis
423 2511 597 2566 existimatur·
612 2509 647 2565 Η.
690 2513 746 2567 huc
758 2509 869 2567 totidem
889 2511 994 2565 verbis:
1012 2511 1102 2562 oNam
1118 2509 1199 2564 τιπιί-

135 2620 179 2633 -
188 2592 305 2660 Topezr'o.
317 2592 494 2662 Antiquarum
504 2592 622 2663 topazius
633 2610 649 2646 a
691 2595 737 2654 ζιιι
748 2590 963 2664 Trogodytarum
974 2591 1063 2661 lingna
1072 2590 1200 2661 significa·

135 2670 235 2722 nostris
248 2668 355 2732 differt,
369 2670 441 2743 quod
454 2672 515 2724 satis
529 2683 600 2742 patet
615 2688 648 2725 ex
691 2674 790 2725 tionem
809 2672 887 2724 habet
898 2668 1043 2742 quaerendi.
1054 2696 1065 2717 ι
1084 2669 1118 2721 II.

135 2748 258 2801 Pliniana
272 2748 458 2820 descriptione.
472 2750 525 2803 Sed
537 2752 594 2803 haec
606 2751 648 2804 iu·
733 2770 760 2821 7.
778 2750 901 2822 Sequentia
921 2750 1054 2802 Ptolemoei.
1070 2748 1127 2802 Hoc
1144 2760 1200 2813 est,

135 2828 192 2880 sius
202 2830 323 2900 persequi
338 2829 464 2882 nonlicet
478 2830 504 2881 in
515 2842 587 2882 tauta
599 2848 648 2883 no-
691 2828 814 2895 secundi,
829 2830 884 2883 sire
899 2828 1063 2901 Philadelphi
1077 2846 1083 2880 :
1095 2824 1200 2880 cadem-

135 2918 224 2960 tarum
235 2907 365 2961 brevitate
380 2921 406 2960 et
417 2909 556 2961 nominum
569 2909 650 2963 varie-
691 2928 744 2981 que
756 2928 825 2961 uxor
835 2908 970 2962 Ptolemaei
982 2908 1058 2977 Lagi,
1072 2906 1118 2978 qui
1129 2906 1201 2976 prin·

136 2997 200 3040 tate.
221 2988 305 3040 Baor.
319 3018 358 3029 —
376 2988 493 3058 Topuaio.
516 2988 649 3058 ¹I'opazius
691 3005 753 3060 ceps
771 3000 830 3058 post
846 2985 987 3041 Alexandri
1003 2987 1106 3039 obitum
1121 2988 1201 3056 Egy-

137 3067 283 3131 Veterum,
298 3067 402 3119 athene
417 3065 485 3120 ridit
496 3067 649 3121 ilardninur
691 3081 738 3140 pto
751 3068 852 3139 potitus
873 3080 919 3133 est.
933 3066 977 3120 Sic
995 3066 1148 3119 Africanum
1160 3082 1215 3143 se·¹

136 3144 172 3198 ad
187 3145 381 3217 chrysolithum
396 3158 549 3211 nostratem,
557 3149 651 3218 chryso·
693 3160 817 3220 quentem
842 3164 911 3219 sepe
934 3146 1052 3205 Plinius,
1077 3144 1129 3197 hoc
1145 3156 1200 3209 est,

137 3226 191 3291 lite,
196 3226 288 3277 referri
296 3224 374 3278 debet
380 3243 389 3291 3
399 3226 577 3296 chrysolithus
584 3245 650 3280 vero
691 3226 867 3298 posteriorem
872 3228 962 3277 'rorat
973 3226 1013 3277 De
1025 3221 1142 3293 ejusdem
1152 3222 1202 3275 Be·

138 3305 268 3357 Veterum
288 3304 323 3358 ad
334 3317 479 3359 nostratem
497 3307 648 3376 topazium,
692 3303 1095 3367 renicesadsmanteIuvenalis,
1106 3304 1201 3368 satvr,

138 3394 233 3454 topace.
251 3385 303 3436 En.
692 3404 760 3438 vers.
773 3385 838 3437 155:
853 3384 1010 3436 ·Murrhina
1020 3400 1026 3433 t
1036 3380 1135 3434 deinde
1144 3379 1203 3433 ada·

183 3482 209 3516 a.
229 3463 292 3532 Quo
314 3463 384 3534 Cytis
403 3478 513 3517 amatur.
539 3465 579 3517 De
603 3482 650 3530 ea,
692 3482 748 3517 mas
771 3463 937 3526 notissimus,
965 3475 990 3515 et
1012 3460 1149 3515 Berenices
1169 3461 1202 3511 In

138 3542 188 3595 lib.
201 3543 253 3603 vl,
274 3560 332 3613 rep.
355 3542 402 3606 34.
423 3543 454 3594 In
475 3543 549 3595 MSS.
567 3562 649 3615 σφισι
692 3542 776 3614 digito
785 3543 869 3596 tactus
878 3541 1114 3613 pretiosior:hune
1126 3537 1203 3591 dedit

138 3619 302 3692 Trogodytis
316 3634 439 3685 rocanrr,
458 3622 485 3673 in
506 3641 559 3692 qua
581 3640 648 3694 prte-
692 3624 757 3675 olim
767 3622 899 3675 Barbarus
913 3621 1017 3673 incesta
1028 3616 1117 3671 :dedit
1131 3617 1203 3669 hunc

138 3700 245 3766 denter,
256 3712 306 3753 ete.
316 3726 328 3746 n
346 3699 480 3754 mendose.
496 3701 586 3754 Ilsan.
693 3702 811 3773 Agrippa
819 3698 916 3764 sorori,
924 3700 1071 3753 Obserram
1082 3695 1128 3749 uhi
1138 3695 1202 3749 festa

181 3780 208 3833 3.
227 3782 374 3850 Tempestate
389 3784 476 3851 pressi.
495 3780 571 3833 MSS.
590 3793 649 3833 om·
692 3799 766 3833 mero
781 3779 849 3851 pede
860 3780 966 3833 sabbata
979 3796 1065 3848 reges,
1081 3777 1115 3827 Et
1128 3787 1203 3827 vetus
1265 3832 1268 3839 ,

138 3878 187 3912 nes
195 3898 203 3924 ,
209 3860 273 3925 sessi
281 3878 291 3911 .·
300 3872 326 3912 et
334 3857 452 3912 Isidorus
460 3860 590 3927 similiter,
598 3860 650 3914 loc.
691 3859 812 3931 indulget
824 3859 929 3912 senibus
938 3856 1075 3911 clementia
1087 3852 1201 3924 porcis.-

139 3938 186 3993 cit.
203 3939 295 3992 Ηιιιιι.
695 3940 786 3993 Ηιιιι).

182 4025 209 4081 4.
220 4019 335 4088 Toparon
344 4018 460 4083 inertem,
471 4021 496 4069 ire
505 4017 588 4071 Rubro
598 4038 650 4070 nra-
735 4020 761 4071 a.
770 4019 897 4070 Ptolemoei
907 4014 1060 4085 Philadelphi
1067 4013 1145 4065 uxori.
1157 4011 1205 4064 Pa·

140 4101 171 4150 η’.
184 4097 267 4150 Libro
280 4098 337 4160 vt,
348 4116 405 4169 cap.
419 4099 464 4161 34.
479 4098 569 4150 Ηιιιιι.
693 4097 759 4150 riter
769 4109 795 4149 et
811 4096 906 4149 sorori.
920 4094 1010 4147 Hran.

183 4177 209 4230 5.
220 4176 278 4228 Diei
287 4180 447 4247 navigatione.
458 4176 583 4231 steatss.
594 4195 649 4229 om·
735 4194 761 4244 9.
779 4176 891 4247 Quatuor
909 4174 1048 4244 cubitorum.
1068 4170 1206 4243 Topazias
