3100 5125
378 510 450 584 cao
610 478 683 583 u.
710 515 880 586 rmnu
904 513 1011 584 unu.
1038 515 1167 582 nrsr.

287 629 292 634 ⁸
375 644 578 740 singulorum
606 645 795 715 animalium
821 646 917 740 adipe
936 669 1120 716 numerosa.
1143 643 1434 741 Adadunephros’‚

373 750 519 844 ejusdem
544 751 680 838 oculus,
698 777 738 822 ac
760 752 879 847 digitus
907 755 991 821 Dei:
1013 766 1047 820 et
1067 752 1122 820 hic
1149 749 1311 820 colitura
1334 754 1430 846 Syris

309 854 312 858 ’
372 843 657 950 Triophthalmos³
670 882 746 927 cum
764 859 892 952 onyche
907 858 1065 938 nascitur,
1081 871 1146 926 tres
1160 853 1307 926 hominis
1317 857 1447 927 oculos·

372 959 468 1031 simul
489 967 687 1057 exprimens.

339 1098 351 1131 1
424 1071 563 1136 LXXII.
583 1068 632 1136 Ab
650 1067 860 1138 animalibus¹
881 1063 1171 1162 cognominantur,
1188 1069 1350 1138 carcinias
1364 1093 1430 1136 ma·

369 1174 433 1241 rini
455 1173 716 1259 ranunculum,
737 1171 870 1244 echitis²
897 1175 1033 1268 riperae,
1059 1158 1226 1268 scorpitis³
1249 1177 1431 1269 scorpionis

369 1293 427 1347 aut
437 1277 567 1364 colore,
586 1295 645 1348 aut
654 1268 799 1373 effigie⁴:
817 1281 942 1350 scaritis
955 1281 1038 1348 scari
1050 1281 1164 1373 piscis,
1177 1276 1310 1408 triplitis
1323 1279 1429 1364 mulli,

367 1371 647 1478 oegophthalmos⁵
666 1389 802 1480 caprino
814 1384 932 1455 oculo:
950 1385 1027 1454 item
1044 1383 1107 1452 alia
1120 1383 1215 1453 suillo
1241 1400 1296 1453 :et
1309 1408 1329 1453 a
1343 1387 1429 1478 gruis
1522 1443 1525 1452 ,

366 1488 452 1558 collo
464 1490 648 1583 geranitis⁷‚
663 1490 829 1561 hieracitis
843 1491 1017 1585 accipitris.
1031 1491 1145 1559 Actitis
1161 1488 1308 1559 acolore
1317 1489 1430 1584 aquile

405 1731 431 1764 ι.
463 1713 663 1784 Adadunsplrm.
689 1712 874 1781 Tergeminam
960 1711 986 1764 3.
1006 1711 1206 1781 Trinpdtitchos.
1225 1709 1389 1764 Morbodeus
1403 1712 1429 1763 in

280 1823 289 1840 1
362 1789 414 1843 hoc
436 1791 498 1844 loco
519 1809 650 1862 gemmam
674 1791 873 1861 intelligimus:
918 1808 965 1844 suo
995 1802 1116 1861 poemate
1139 1789 1313 1859 ophthalmium
1343 1793 1428 1844 nomi·

361 1861 467 1922 liddon
490 1873 588 1940 cuppis,
608 1862 712 1923 listro
735 1872 873 1941 ὀφθαλμὸν,
917 1888 980 1922 nare
996 1867 1109 1940 videtur.
1124 1869 1194 1921 Dur..

361 1939 466 2001 liddon
493 1944 632 2012 distulis,
656 1946 763 2001 -ndadi
781 1967 873 2013 renes,
956 1947 1066 2000 LXXII.
1086 1967 1110 2002 ι.
1126 1948 1167 2011 Ab
1183 1947 1338 2000 animalibus.
1357 1947 1427 2012 Quo·

361 2025 449 2080 Adsdi
461 2029 582 2088 oculum,
598 2026 685 2081 Adadi
702 2027 818 2098 denique
832 2027 874 2080 di·
915 2045 976 2080 rum
991 2029 1047 2080 hrsc
1061 2025 1185 2081 videlicet
1198 2028 1325 2080 nomina:
1338 2031 1427 2096 Kapri-

360 2106 453 2176 pitum.
472 2133 483 2153 ι
498 2107 560 2159 Fuit
572 2120 660 2161 autem
676 2105 785 2160 Adadus
804 2126 872 2162 unus
915 2127 970 2168 νος,
985 2124 1087 2160 cancer.
1101 2096 1286 2178 Εχιωὶροη.
1301 2109 1428 2176 ammi,

360 2203 376 2238 e
399 2186 492 2256 priscis
518 2181 569 2238 illis
596 2187 726 2255 Syrorum
750 2186 872 2256 regibus,
914 2189 1041 2256 scorpius.
1068 2187 1177 2255 Σκᾶρος,
1200 2205 1300 2239 scarus.
1322 2187 1427 2255 Τρίγλα,

360 2266 434 2334 cujus
460 2282 530 2317 sacra
556 2264 732 2317 Hebruorum
761 2265 871 2318 historia
915 2265 1019 2318 mullus.
1036 2263 1097 2328 Αἲξ,
1111 2283 1201 2334 cupra.
1221 2267 1340 2335 ripense.
1357 2283 1426 2336 grus.

360 2341 491 2396 meminit.
502 2343 581 2396 Hunc
591 2345 650 2414 Syri
661 2345 696 2396 ob
708 2344 800 2397 meritc
810 2362 872 2396 con·
913 2335 997 2414 lipsi,
1010 2343 1145 2414 accipiter,
1156 2356 1205 2397 etc.
1221 2343 1352 2397 Carcinite
1363 2345 1426 2414 lapi-

359 2434 488 2476 sscraturn
502 2424 529 2475 in
543 2421 657 2475 celitum
670 2440 813 2475 numerum
829 2442 872 2475 re·
914 2421 954 2475 dis
964 2421 1084 2476 meminit
1093 2421 1222 2487 Isidorus,
1234 2423 1310 2494 Orig.
1321 2425 1337 2476 l.
1350 2425 1425 2480 xvt.

359 2500 483 2554 tulerunt.
501 2503 588 2554 Immo
602 2503 696 2554 Jorem
708 2503 812 2574 ips'um,
823 2505 872 2556 So·
913 2519 971 2573 cap.
987 2502 1145 2567 163Eclritrs
1156 2501 1276 2568 Solinus,
1286 2521 1310 2554 c.
1324 2521 1425 2567 xxxrrr,

358 2578 484 2634 lemreab
492 2582 870 2652 Assyriiseosignarinomine‚
912 2599 940 2651 p.
953 2584 989 2652 67
1001 2598 1008 2633 ε
1019 2582 1141 2635 «Echitss
1151 2582 1270 2653 vipereas
1280 2583 1363 2635 hahet
1376 2600 1425 2634 ms

359 2659 451 2712 suclor
460 2674 498 2713 cst
509 2660 674 2724 Macrobius,
684 2661 730 2713 lib.
742 2661 772 2723 1,
783 2648 870 2714 Satur·
912 2661 999 2722 culam
1014 2686 1026 2707 ι
1039 2672 1065 2713 et
1077 2660 1211 2727 Isidorus,
1222 2663 1274 2715 loc.
1285 2662 1330 2715 cit.
1343 2663 1390 2714 nbi
1399 2674 1423 2713 et

357 2738 473 2803 nulium,
483 2757 542 2810 rap.
555 2742 600 2793 ιθ.
611 2739 697 2792 Etiam
706 2753 732 2792 ct
742 2741 869 2812 Phryges,
912 2741 1034 2811 scorpitae
1048 2742 1156 2793 mentio.
1173 2740 1265 2794 ilcan.

358 2817 380 2869 si
391 2816 457 2870 fides
473 2819 620 2889 Hesychio,
635 2818 732 2871 divinis
745 2838 806 2871 eum
820 2821 870 2873 ho·
954 2838 978 2871 a.
997 2820 1102 2872 acturas.
1119 2820 1240 2889 Ophites.
1254 2822 1344 2875 Diosc.
1357 2822 1421 2873 Dar..

357 2898 466 2949 nuribus
482 2897 588 2950 coluere
608 2890 744 2959 :diodoli
763 2900 814 2958 θεός
831 2913 869 2955 τις
953 2897 979 2951 3.
992 2896 1119 2969 Scorpr'ter.
1135 2900 1267 2970 Scorpion
1282 2914 1360 2954 voest
1373 2900 1420 2952 Or·

356 2974 427 3045 παρὰ
448 2977 519 3045 Φρυξὶ
536 2980 664 3042 καλεῖται,
676 2968 868 3047 Eppcppddsrsr.
911 2976 1000 3047 phcus'
1011 2978 1056 3029 lib.
1074 2978 1127 3047 rupi
1142 2981 1223 3033 λίθων.
1235 2981 1305 3033 Dur..

356 3054 432 3106 Prius
462 3056 599 3126 legebatur
630 3056 830 3126 corruptissime
860 3076 867 3111 :
951 3063 977 3120 i,
996 3058 1050 3109 Aut
1064 3057 1157 3122 colore,
1170 3071 1214 3109 aut
1227 3057 1320 3128 effigie.
1337 3057 1420 3111 lsido·

360 3157 372 3179 ·
393 3131 607 3205 Adaduneplrros
630 3134 748 3205 ejusdem
775 3136 869 3189 oculus
909 3154 970 3199 rus,
986 3136 1061 3209 Orig.
1075 3137 1121 3189 lib.
1134 3138 1218 3201 XVI,
1235 3156 1295 3208 cap.
1309 3146 1420 3203 murt

355 3210 472 3264 dicitur:
486 3216 557 3266 Deus
567 3226 593 3266 et
604 3214 648 3266 hic
660 3214 757 3267 colitur
763 3214 863 3283 Syris·
909 3216 1042 3279 colore,et
1052 3216 1147 3285 effigie.
1161 3240 1172 3261 ·
1189 3218 1281 3271 listro.

356 3289 400 3341 Sic
415 3290 513 3360 triplex
527 3311 629 3361 getnma
640 3292 669 3344 in
684 3292 789 3357 unicum
802 3312 866 3348 con·
951 3298 978 3348 ⁵.
990 3295 1203 3365 AEgopirtdulrnor.
1212 3294 1308 3348 isidor.
1322 3296 1341 3348 l.
1352 3314 1376 3347 c.
1386 3295 1416 3347 ll.

355 3366 475 3422 flubstur.
488 3372 521 3421 ln
531 3372 595 3441 Reg.
609 3392 623 3423 a
637 3390 644 3423 :
658 3371 867 3440 :ejusdemocn-
949 3377 976 3427 6.
1001 3376 1061 3426 Item
1082 3374 1132 3425 alic
1154 3374 1235 3429 suillo.
1254 3375 1419 3446 Hyoplrtltal·

355 3447 410 3511 lus,
429 3448 526 3517 digitus
545 3450 609 3513 Dei,
630 3451 718 3503 ethic
738 3452 835 3505 colitur
851 3472 865 3506 s
908 3452 1232 3523 mouto'ptopoettmn

354 3526 436 3598 Syris.
462 3552 473 3574 ι
499 3527 554 3580 Nos
576 3527 677 3597 adjectu
703 3531 864 3595 vocalior,
948 3550 975 3601 7.
1003 3532 1073 3584 Collo
1091 3535 1221 3601 pensitet.
1243 3532 1309 3603 Lep.
1330 3532 1416 3584 coion.

353 3624 431 3659 suum
457 3606 582 3659 Pliniunae
607 3608 723 3660 orationi
750 3611 862 3663 nitorem
906 3610 949 3663 Sic
965 3610 1105 3685 legepdum
1119 3630 1174 3663 esse
1191 3612 1270 3665 rerba
1284 3612 1415 3683 sequentis

320 3717 323 3722 >
352 3703 511 3757 sensumque
523 3680 698 3739 reddidimus.
716 3689 761 3740 Sic
775 3702 802 3742 et
819 3691 864 3741 In·
906 3688 1055 3742 ostendunt.
1067 3693 1096 3742 ln
1107 3690 1240 3760 accipitris
1248 3692 1321 3743 enirn
1329 3691 1416 3743 colore

351 3762 437 3817 dicem
470 3766 579 3836 hujusce
608 3766 662 3819 loci
690 3767 863 3833 refluximus,
905 3768 1036 3821 hieracitis
1063 3768 1265 3823 similitudinem
1293 3770 1413 3839 intelligi·

354 3868 365 3888 ι
386 3842 608 3914 Adadunephros.
639 3843 862 3914 Adnduophthal·
905 3860 1022 3912 mus,ut
1034 3847 1210 3913 autendixit,
1226 3868 1281 3903 non
1297 3850 1323 3900 in
1336 3848 1410 3900 collo.

350 3938 417 3974 mos.
441 3922 676 3994 Adadudretylos:
693 3950 704 3971 ι
724 3943 805 3995 quum
831 3926 860 3979 in
904 3926 1091 3979 unm-A
1105 3931 1174 3997 gmis
1193 3929 1266 3984 rollo.
1287 3927 1330 3979 Sic
1351 3926 1411 3978 libri

348 3998 424 4053 MSS.
441 4002 572 4072 legeretur
589 4001 733 4055 sdmodnm
750 4003 855 4066 vitiose,
903 4022 1003 4058 omnes.
1017 4008 1122 4061 llcctius
1135 4020 1225 4061 tamen
1240 4008 1308 4060 forte
1321 4008 1409 4069 colon,

351 4104 362 4125 ι
375 4078 582 4152 Adaduenepros
596 4118 604 4139 ‚
636 4080 858 4152 Adaduoplsthsl-
901 4085 952 4137 nisi
966 4085 1028 4137 colli
1041 4086 1123 4155 ipsius
1137 4087 1254 4140 colorem
1267 4086 1408 4155 intelligo.

347 4176 420 4219 mos,
438 4158 664 4213 ddnduosoculus.
679 4187 689 4206 ι
705 4163 794 4215 Hsnu.
900 4162 973 4234 quod
988 4182 1049 4217 sane
1063 4184 1155 4218 rerum
1170 4162 1283 4219 videtur.
1300 4165 1388 4217 lisso.
