3100 5125
508 563 667 634 LIBER
691 563 854 637 XXXV.
1141 559 1211 633 283

153 699 220 770 lum
240 712 292 770 eet
314 696 477 768 felicitatis
499 697 685 790 specimen,
713 719 816 792 quam
839 718 969 791 semper
990 719 1105 765 omnes
1128 700 1211 766 eolre

152 829 295 899 cupere,
323 802 428 898 qualia
447 802 547 872 luerit
564 801 690 896 aliquia
712 804 814 874 Asinii
836 800 990 872 Pollionis
1009 801 1075 871 hoc
1095 804 1211 872 Romae

151 908 363 995 inventum’⁹,
375 910 431 1002 qui
443 909 569 1002 primus
579 906 811 978 bibliothecam
826 893 1145 1001 dicando³⁰,ingenia
1158 910 1212 977 ho

152 1018 279 1086 minum
291 1014 535 1109 rempublicam
547 999 665 1084 lecit³¹.
677 1016 727 1082 An
740 1001 894 1110 prioresl’
902 1013 1210 1108 coeperintAlexan-

152 1187 223 1240 clena
249 1185 345 1256 aliquia
365 1183 467 1261 desedit
488 1183 522 1238 ad
547 1185 658 1256 ignem:
703 1186 812 1239 Viventi
833 1205 891 1238 moa
910 1185 994 1257 qualia
1019 1198 1075 1239 erat
1090 1203 1098 1238 τ
1115 1185 1162 1240 aed
1184 1199 1211 1240 et

151 1267 219 1318 Dira
230 1264 277 1318 aed
286 1266 343 1336 ipaa
353 1263 659 1339 auiamanibus‘l'ritonia
702 1266 792 1336 arrigit
806 1265 875 1318 auria
890 1266 1002 1318 Dextera
1018 1283 1059 1330 ae,
1077 1266 1209 1318 thbum

150 1344 243 1409 fluxit,
264 1344 394 1414 Corporia
415 1343 506 1396 inaeaai
523 1341 660 1414 quondam
701 1345 812 1415 cupiens
839 1342 932 1398 andire
960 1344 1126 1416 loquentem,
1153 1345 1210 1398 Aut
1247 1336 1251 1346 '

150 1443 208 1478 non
229 1424 393 1476 immemor:
410 1421 466 1493 ipaa
484 1422 592 1494 Quippe
612 1440 660 1493 per
702 1422 736 1476 de
746 1424 833 1478 Pierio
844 1423 988 1494 nympbam
1000 1442 1088 1494 grege,
1102 1424 1209 1476 volvere

151 1523 182 1558 oe
202 1504 293 1574 magni
311 1514 405 1555 cantus
422 1500 517 1555 edebat
532 1500 658 1565 Homeri,
701 1501 1206 1557 aecunablultaanimomanifestalidea:

150 1583 284 1646 Conaom,
303 1581 418 1646 Pboebe,
436 1581 496 1633 tibi.
518 1580 562 1634 Sic
580 1598 659 1652 quem
701 1599 816 1653 namque
825 1579 894 1634 edita
903 1599 966 1636 curu
977 1581 1016 1634 Ex
1023 1581 1105 1654 adyto
1116 1581 1210 1634 mentis

150 1661 305 1731 vicepatria
317 1659 419 1727 adoro,
432 1659 580 1712 Maeoniden
588 1660 660 1712 stetit
701 1679 773 1714 nuuc
804 1661 870 1726 buc,
896 1679 968 1713 nunc
991 1661 1103 1714 vertitur
1131 1660 1210 1727 illuc,
1246 1709 1248 1714 .

150 1741 204 1793 bie.
211 1739 322 1792 Senium
329 1738 660 1811 preferrevidetutDulee,
701 1741 787 1794 Teaat
804 1751 834 1792 ut
847 1740 985 1794 armisonae
1003 1739 1102 1793 Sirenia
1117 1740 1210 1792 nobile

150 1817 198 1873 aed
211 1819 264 1872 boc
281 1819 383 1872 mium
398 1831 492 1880 eat‚et
508 1818 603 1870 abillo
616 1817 658 1870 di·
701 1836 818 1872 carmen.
835 1845 846 1867 .
863 1821 953 1873 Haan.

151 1899 206 1951 tior
219 1899 261 1950 ori
277 1897 660 1967 Gratiazoonreniuntgravi·
743 1915 789 1965 a9.
811 1899 894 1951 Asinii
918 1899 1034 1951 Pollionis
1057 1899 1102 1948 lroc
1125 1898 1213 1949 Romae

151 1989 191 2031 ω
210 1990 238 2030 et
254 1977 367 2030 amabile
384 1974 513 2048 quiddam
531 1993 539 2028 :
558 1974 658 2030 Blanda
699 1980 827 2030 lanatum
839 1977 961 2030 Diximna
976 1976 1009 2030 de
1022 1995 1054 2030 eo
1068 1977 1096 2029 in
1108 1977 1207 2028 Aucto·

152 2054 304 2109 amado
315 2058 436 2127 majeataa
454 2055 525 2108 lneet
541 2055 570 2107 in
588 2073 656 2108 ore:
699 2075 760 2120 rapu
773 2055 874 2112 Indice.
900 2055 952 2109 Sed
973 2054 1106 2109 laidornni
1125 2054 1206 2118 audi,

151 2136 256 2189 Innatat
273 2137 302 2187 in
315 2153 394 2188 curra
407 2151 488 2187 canua
499 2135 603 2187 cervice
612 2153 657 2188 oo·
699 2136 793 2207 θήῃς.
807 2135 862 2201 Vl,
878 2133 892 2188 5
907 2153 915 2188 r
927 2159 937 2180 ι
952 2137 1042 2188 Roma
1057 2134 1159 2204 primur
1174 2134 1207 2186 li·

150 2215 262 2286 eymbua
273 2215 383 2271 vertice
393 2212 658 2279 dmoendennetair·
698 2214 811 2269 brorum
832 2215 935 2285 copiam
963 2213 1067 2267 advexit
1085 2213 1208 2266 AEmilina

151 2293 336 2348 cunfunditur
361 2312 446 2347 aurea.
463 2293 555 2345 Mento
575 2294 657 2346 barba
699 2295 810 2359 Paulus,
836 2295 915 2346 Perae
942 2291 1117 2346 Macedonum
1146 2309 1208 2361 rege

151 2373 248 2427 cadena
268 2373 354 2443 apatio
377 2371 535 2442 diapeecitur
552 2373 657 2442 amplo,
699 2371 804 2426 &victo
818 2389 825 2424 z
839 2370 938 2426 deinde
957 2372 1085 2424 Lucullus
1108 2389 1123 2422 e
1143 2372 1207 2422 Par·

151 2453 278 2506 blollibua
292 2451 338 2504 illa
349 2452 410 2523 pilia
423 2453 561 2522 multoque
580 2452 657 2505 volu·
699 2451 769 2504 tbica
784 2450 881 2522 preda.
896 2451 958 2504 l'oet
972 2451 1021 2502 boa
1035 2451 1121 2503 eam
1135 2447 1208 2502 dedit

151 2532 238 2598 mine,
254 2549 305 2585 nec
323 2549 351 2585 ae
368 2531 446 2602 cogit
461 2530 489 2583 iu
501 2542 658 2601 unguatum,
699 2531 739 2583 Μ.
746 2531 1003 2602 Varroninegotinm
1012 2547 1088 2583 cauea
1096 2528 1208 2581 maxime

150 2610 198 2666 aed
209 2613 261 2667 late
273 2610 402 2675 excurrit,
416 2623 443 2664 et
455 2611 524 2663 infra
535 2611 569 2663 lit
580 2610 658 2664 venir
699 2610 867 2665 bibliothece
879 2607 1079 2665 coacervanda..
1088 2608 1208 2660 Primum

151 2691 230 2745 timul
252 2704 291 2744 eat
316 2709 347 2743 ea
371 2690 500 2761 pectoria,
526 2702 554 2743 et
578 2688 659 2742 decue
701 2699 789 2742 autem
801 2690 891 2742 Romae
907 2688 1079 2741 bibliothecae
1090 2687 1209 2757 publica·

151 2771 213 2825 oria.
235 2767 315 2824 Nuda
339 2769 428 2823 onmia
447 2770 520 2824 frons
540 2781 579 2822 eat
602 2788 610 2822 z
632 2780 660 2822 et
701 2769 740 2823 rit
766 2768 869 2830 Pollio,
899 2784 996 2838 mucan
1025 2766 1104 2819 simul
1129 2778 1210 2837 atque

149 2848 224 2903 adeat
243 2848 369 2920 mpientia
388 2849 491 2912 fronti,
509 2846 591 2901 Unde
608 2847 658 2901 ribi
698 2847 806 2911 lat'maa,
819 2843 915 2900 additia
932 2860 1069 2899 auctorum
1090 2845 1209 2917 imagini·

150 2946 239 2981 morea
251 2926 330 2981 ducat
341 2947 423 2998 puer:
432 2938 514 2982 enatat
524 2927 659 2998 utrimque
699 2928 750 2981 bna
761 2926 791 2979 in
805 2926 886 2992 nnio,
900 2924 972 2997 quod
984 2925 1017 2979 de
1028 2925 1209 2978 Dalmatarum

150 3007 255 3061 Umbra
269 3006 598 3079 anpeaciliitnamqneara
607 3007 659 3060 boc
700 3006 833 3061 manubiis
853 3004 1143 3076 magnificentissimum
1166 3006 1207 3057 in·

150 3086 265 3157 prouida
284 3085 381 3140 vallum
403 3085 565 3149 Addiderat,
581 3084 658 3139 vacui
699 3098 839 3140 atruxerat.
854 3108 866 3130 ι
882 3082 974 3135 llario.

149 3167 276 3219 aberam
288 3166 350 3237 quia
365 3166 472 3219 laminir
483 3165 570 3217 orbes.
584 3165 661 3235 bapi-
743 3166 790 3220 30.
806 3164 979 3217 Bibliothecma
993 3162 1105 3215 dicando.
1126 3160 1209 3214 Dedi·

151 3245 224 3299 eieua
237 3262 339 3298 cmcuru
352 3264 407 3298 nou
420 3262 509 3315 poaaea
528 3242 658 3297 credere:
700 3243 805 3306 cando,
818 3241 1012 3303 consecrando,
1027 3241 1129 3311 publici
1144 3240 1209 3309 juria

150 3327 222 3377 unta
242 3324 370 3377 Obscuria
386 3324 470 3377 oculia
489 3322 603 3375 admixta
619 3336 658 3376 eat
701 3322 834 3378 baciendo.
850 3322 951 3375 Plinius
967 3321 1057 3392 junior
1070 3322 1099 3382 1,
1113 3337 1156 3391 ep.
1176 3322 1211 3383 8,

151 3404 327 3475 gratiatl'elia
340 3402 501 3457 fflmritium
512 3414 563 3463 eat,
576 3402 658 3455 labea-
700 3402 822 3456 meminit
847 3426 859 3450 ι
877 3400 1006 3453 sermonis
1028 3401 1106 3471 ejue,
1130 3416 1211 3471 queat

150 3500 203 3553 que
215 3483 355 3535 oculorum
367 3483 468 3553 proluit
477 3483 540 3546 arti,
553 3482 592 3534 Ut
603 3499 658 3533 ma-
700 3480 773 3553 apud
791 3480 937 3550 municipes
959 3496 1019 3534 tuos
1037 3478 1147 3543 babuit,
1169 3479 1212 3531 bi·

151 3562 192 3631 gia
219 3580 252 3614 ex
279 3563 336 3615 imo
367 3562 475 3614 veniens
502 3563 547 3613 lux
575 3559 657 3614 eorde
699 3561 861 3614 bliothecam
875 3557 1077 3612 dedicaturus.»
1090 3559 1182 3611 Haan.

151 3652 262 3711 pateret.
286 3641 418 3694 Nonnibil
435 3641 580 3696 introrsum
599 3657 656 3693 aeae
739 3638 997 3707 erumpentum
1012 3640 1084 3706 secr't.
1107 3635 1213 3689 Publici

151 3731 226 3773 cavat
241 3732 355 3791 utraque
369 3721 452 3784 mala,
470 3721 591 3791 Utraque
605 3719 658 3773 aul-
702 3719 770 3791 juria
785 3719 856 3773 feeit.
871 3717 964 3772 Haan.
1234 3716 1236 3722 ⁴

151 3811 227 3852 eatur
241 3800 331 3870 rugia,
345 3798 393 3852 aed
410 3801 516 3869 utrique
534 3811 662 3853 renuatua
745 3806 789 3853 δι.
803 3799 847 3852 An
863 3802 955 3868 priores
976 3796 1095 3865 ceperint.
1114 3792 1214 3846 Scribit

151 3877 199 3931 I‘at
209 3876 308 3953 pudor,
321 3878 348 3929 in
358 3877 428 3931 socia
438 3879 533 3949 recipit
541 3877 588 3949 qui
597 3876 660 3930 aede
704 3878 799 3932 Galen.
816 3879 921 3933 Comm.
934 3878 949 3928 1
969 3876 997 3928 in
1012 3874 1094 3943 llipp.
1108 3871 1143 3925 de
1158 3873 1212 3927 Nu-

151 3955 292 4028 pudorem.
301 3958 379 4009 Errat
388 3957 443 4027 apia
455 3958 557 4010 circum
566 3955 660 4009 divino
702 3969 761 4009 tura
771 3958 845 4010 bum.
856 3956 927 4009 inter
939 3950 1106 4007 Alexandria
1116 3964 1143 4004 et
1152 3953 1214 4005 Per

152 4036 221 4090 vatia
231 4037 259 4088 in
267 4054 330 4101 ore,
339 4036 439 4089 Pierioa
446 4037 565 4107 paritura
576 4036 659 4090 Inoa.
703 4035 857 4108 gamiregea,
862 4034 1058 4089 contentionem
1064 4032 1215 4102 luiaae‚quia

153 4114 247 4169 lanua
258 4116 340 4169 altera
348 4116 463 4185 palmam
473 4114 588 4169 Alterius
599 4134 662 4185 por-
704 4116 782 4185 plura
795 4129 912 4173 veterum
927 4111 1060 4165 volumina
1075 4127 1213 4182 compera-

155 4206 207 4259 tat,
226 4195 338 4247 baculus
356 4208 483 4248 auateutat
505 4205 661 4267 utramque,
704 4194 829 4248 ret'l'um
840 4190 1216 4247 rernmultnaabbominibue
