3100 5125
466 533 625 603 sinen
653 533 816 602 xxxn
911 563 914 570 =
1102 523 1177 632 319

106 669 214 753 venit,
226 668 294 737 hoc
304 678 373 752 est,
384 664 534 760 obliquas
552 666 713 759 imagines
727 677 781 734 :et
790 665 880 734 vecie
893 664 1037 736 formare
1052 665 1178 755 vultus,

107 775 339 866 respicientes,
366 774 665 867 suspicientesque,
690 785 724 839 et
743 771 969 866 despicientes.
991 771 1145 844 Articulis
1154 773 1178 800 ²·

107 881 208 949 etiem
223 880 377 949 membre
385 877 541 948 distinxit.
552 881 664 948 Venus
677 875 831 971 protulit:
844 892 1029 972 preterque
1043 879 1077 950 in
1087 895 1178 950 veste

107 1001 143 1054 et
153 1000 312 1080 rugenet
324 989 416 1054 sinus
428 985 561 1054 iuvenit.
575 982 760 1054 Pnnaenus²¹
774 982 907 1078 quidem
924 983 1026 1054 frater
1038 985 1178 1073 Phidiae,

106 1094 209 1161 eoam
225 1091 379 1187 prelium
393 1072 643 1160 Atheniensium
657 1089 836 1160 adversum
853 1091 968 1158 Persas
981 1089 1096 1185 aped¹²
1107 1095 1178 1160 Mn·

107 1198 251 1266 rathona
277 1198 404 1266 factum
431 1198 546 1291 pinxit.
567 1195 661 1266 Adeo
682 1197 750 1289 jam
782 1195 946 1266 colorum·
960 1219 1038 1266 usus
1068 1199 1177 1268 incre-

107 1302 265 1386 hruerut,
279 1303 429 1398 adeoque
446 1327 499 1372 ers
517 1303 663 1397 perlecta
681 1289 794 1387 erst²³,
812 1316 848 1370 ut
868 1302 901 1370 in
916 1327 956 1370 eo
974 1301 1089 1396 praelio
1106 1304 1178 1374 ico·

107 1411 201 1479 nicos
211 1399 342 1478 duces²⁴
354 1411 496 1505 pinxisse
512 1409 672 1496 trudetur,
685 1408 937 1478 Atheniensium
956 1399 1180 1492 Miltiadem²⁵,

107 1637 154 1690 riis
160 1638 460 1708 colos-ihuszqnosmn
469 1635 622 1697 Atheudll,
708 1641 753 1698 24·
768 1637 877 1689 leonicos
887 1638 967 1690 dum.
979 1638 1052 1702 Sive,
1064 1639 1179 1704 iconicos

108 1737 164 1788 pag.
179 1718 250 1788 387,
262 1729 411 1788 attagenem
428 1718 464 1770 eit
475 1733 531 1771 este
543 1718 623 1770 meei-
665 1711 766 1768 ducum
783 1716 930 1786 imagines:
946 1716 1063 1784 honest,
1078 1719 1178 1792 utipse

108 1816 195 1866 γροοον
206 1795 558 1866 τὰπιρίτὸννῶτον.Ρίοωη
568 1797 624 1847 An·
665 1793 767 1847 Plinius
789 1795 976 1866 interpretatur
997 1796 1126 1862 xxxlv,
1145 1820 1176 1870 9,

109 1876 207 1946 tigoni,
224 1894 286 1946 ques
301 1876 404 1928 vultum
425 1875 505 1931 latere
519 1887 622 1928 tontum
664 1890 756 1926 eoruns
777 1875 920 1944 imagines,
942 1877 988 1947 qui
1008 1888 1049 1928 ter
1069 1895 1177 1948 supere·

109 1974 162 2008 uno
172 1951 344 2019 ostendebat,
353 1971 416 2006 vere
423 1954 532 2026 oblique
546 1967 573 2007 et
580 1973 624 2006 οοι·
664 1953 776 2019 sissent,
790 1972 825 2006 ex
836 1954 961 2008 memhris
974 1955 1094 2026 ipsorum
1106 1959 1177 2012 sirni-

110 2035 233 2105 rdppeqee
248 2035 313 2097 luit,
329 2046 359 2086 ut
369 2031 475 2086 dicetur
487 2053 511 2086 c.
528 2032 574 2086 36.
587 2033 622 2085 ll.
642 2038 645 2042 “
663 2031 777 2086 litudine
801 2051 929 2103 expressa.
953 2033 987 2086 Η.
1011 2065 1047 2078 -
1065 2037 1176 2093 leonina

147 2134 190 2168 ao.
214 2115 345 2167 Artr'culis.
361 2113 488 2177 Articuli,
505 2113 539 2164 les
561 2118 623 2164 arti·
664 2110 805 2182 imagines,
821 2113 863 2164 des
877 2118 995 2182 porti-aits
1014 2117 1174 2170 membrum.

109 2195 228 2246 estatem
242 2194 285 2245 des
297 2192 418 2246 mmbm.
427 2193 511 2244 Beer.
663 2191 698 2242 At
712 2191 914 2244 Mernthonium
927 2193 1049 2263 prelium
1064 2197 1177 2266 contigit

147 2293 192 2327 οι.
210 2273 345 2325 Ponam.
366 2273 442 2324 liano
465 2273 521 2339 ejus
536 2271 623 2341 pictu-
662 2288 734 2322 auno
742 2271 822 2322 tertio
836 2271 989 2343 Olympied.
1003 2291 1092 2336 nxxru
1105 2294 1175 2328 asino

109 2371 163 2404 raes
180 2353 211 2404 in
226 2352 326 2405 Poecile
345 2351 451 2420 porticu
465 2351 623 2404 Atheniensi
662 2351 782 2418 sequenti
794 2363 915 2403 mortuus
925 2365 963 2404 est
974 2351 1116 2406 Miltiades.
1126 2355 1176 2408 Vel

108 2434 277 2499 collocatum,
287 2449 320 2484 ex
331 2424 460 2483 Pausenia
470 2429 623 2501 pauloante
660 2429 765 2498 juvenis
779 2447 843 2498 ergo
857 2429 947 2500 pinxit
965 2431 1110 2494 Penenus,
1133 2434 1176 2487 vel

108 2510 230 2566 vidimus.
239 2510 321 2566 Unde
328 2510 374 2562 illa
382 2510 512 2581 appellata
522 2510 623 2576 Persio,
662 2505 744 2560 duces
760 2525 792 2560 ex
813 2509 927 2562 aliorum
949 2510 1109 2581 imaginibus
1130 2531 1175 2567 ex·

109 2592 159 2646 Sat.
177 2594 237 2657 111,
262 2618 274 2639 ι
293 2590 427 2645 Broceetis
448 2591 513 2643 illita
535 2589 623 2643 Medis
662 2588 766 2656 pressit.
778 2588 864 2641 Bnor.

110 2673 237 2727 Porticus.
249 2698 262 2718 ι
275 2670 396 2723 Similem
405 2682 431 2722 et
439 2670 478 2722 ibi
490 2671 621 2740 picturam
704 2668 750 2720 25.
767 2668 918 2727 Miltiadem,
942 2681 994 2722 eto.
1015 2667 1175 2739 Μιλτιάῶνν,

107 2748 623 2824 Polygnoti,sivellicooispositernesse
662 2748 840 2816 Καλλίμαχον,
867 2750 1025 2820 Κυνίγννρον,
1052 2750 1099 2821 qui
1120 2771 1176 2823 quo

108 2833 188 2884 refert
206 2833 342 2895 AElianus,
358 2830 427 2881 liist.
449 2830 537 2881 Anim.
551 2830 620 2893 vlt,
661 2826 759 2897 singuli
774 2840 871 2881 eventu
887 2828 1045 2899 pugnarint,
1062 2848 1093 2882 ex
1112 2832 1176 2885 Plu·

111 2906 574 2983 lr;sedPolygootisnisse,euctor
582 2922 623 2962 est
661 2907 753 2959 tereho
772 2904 844 2961 disce
864 2907 892 2961 in
911 2908 1005 2961 Perall.
1025 2926 1085 2980 pag.
1105 2912 1174 2979 306,

108 2991 216 3054 Snides,
228 2992 313 3044 verbo
326 2990 435 3044 Ποικίλη.
452 2988 542 3042 linn.
661 2986 778 3057 itemque
794 3005 826 3039 ex
839 2986 992 3051 Herodoto,
1008 2988 1103 3051 Ereto,
1118 2992 1174 3054 VI,

146 3092 189 3124 sa.
203 3071 285 3141 Apud
293 3069 565 3123 Mammtteotie
572 3086 621 3138 op-
660 3085 688 3135 p.
701 3066 769 3129 365.
782 3067 836 3135 370
849 3085 888 3138 sq.
902 3070 937 3121 Is
949 3069 1054 3135 Tzetze,
1066 3068 1139 3123 chit.
1151 3073 1174 3137 1,

108 3150 210 3221 pidum,
221 3151 272 3203 uhi
283 3160 400 3202 trecenta
411 3148 549 3201 Persarum
560 3148 621 3199 mil·
660 3163 686 3198 v.
699 3147 986 3211 868,etlustino,11‚
1003 3165 1029 3216 9.
1042 3150 1074 3201 In
1087 3150 1176 3220 Cyne-

108 3232 139 3285 tia
154 3231 275 3287 devicte,
294 3246 366 3281 enno
381 3228 461 3281 tertio
481 3225 623 3298 Olympie-
660 3225 712 3296 giri
729 3224 845 3296 effigiem
859 3228 987 3298 elegantia
1004 3226 1059 3280 duo
1071 3242 1176 3284 exstant

109 3310 148 3364 dis
161 3328 249 3364 cxxii.
262 3310 353 3361 Hsen.
661 3305 867 3376 epigrammate,
890 3309 918 3359 iu
941 3306 1050 3360 Authol.
1073 3308 1122 3371 lV,
1147 3312 1173 3363 8.

147 3391 192 3443 νδ.
201 3390 321 3460 Adeoque
328 3406 370 3439 ars
374 3388 549 3455 persectnmt.
559 3386 621 3441 line
661 3385 784 3437 Alterum
798 3404 830 3438 es
845 3386 901 3450 his,
915 3384 988 3457 quod
1000 3386 1107 3441 brevius
1120 3402 1174 3452 est,

108 3470 135 3522 in
159 3470 223 3523 edit.
250 3470 337 3539 princ.
362 3465 475 3530 daune,
500 3478 526 3519 et
545 3465 619 3519 Brot.
661 3464 758 3517 efferre
771 3482 827 3516 nou
848 3465 936 3535 pigeat
954 3484 960 3518 z
976 3468 1012 3518 ol
1029 3486 1074 3533 es,
1090 3470 1175 3539 μάκαρ

108 3551 214 3602 omittit.
236 3546 363 3601 Articulis
379 3562 478 3615 netnpe
497 3545 620 3599 distincta
660 3547 806 3614 Κονίγονρο,
825 3546 865 3597 νὀν
881 3548 914 3605 ὡς
930 3548 1070 3616 Κυνογοιρον
1084 3548 1175 3617 ῐγροιψο

108 3632 241 3692 membra,
263 3626 373 3698 prolete
396 3640 484 3689 vene,
502 3626 530 3679 in
550 3640 623 3680 veste
660 3625 754 3684 Φάνκ,
768 3622 822 3676 lesi
838 3626 947 3695 βριαροιῖς
963 3624 1048 3678 ἄνοιτο
1065 3628 1108 3678 σὺν
1123 3646 1175 3679 πα-

108 3726 220 3780 inguae
230 3710 318 3770 sinus,
329 3707 445 3777 probent
455 3704 564 3776 quidem
576 3725 621 3759 oo·
660 3705 760 3776 λάμοιις.
774 3694 844 3757 Aut
855 3706 927 3775 σοφός
947 3724 985 3765 τις
1001 3706 1040 3760 ins
1056 3707 1067 3756 ὁ
1081 3706 1174 3775 ζωγρά-

107 3789 194 3841 lorum
208 3804 288 3842 usum
303 3785 490 3850 intromisso,
510 3785 631 3838 minium.
664 3803 722 3855 poe,
743 3779 800 3837 etti
819 3803 847 3835 as
869 3790 954 3855 χειρῶν
978 3786 1101 3853 Ndoprot,
1125 3792 1174 3837 τῶν

108 3884 171 3921 vero
179 3866 510 3936 ertemfuiaseperlectam.
522 3865 622 3934 Etipse
663 3866 748 3935 χείρῶν
762 3864 856 3915 οὕνονονν
871 3866 1001 3919 ἀθάνατον.
1019 3862 1130 3917 Grotius
1139 3862 1175 3917 ita
1229 3892 1231 3897 ·

108 3946 223 4012 Plinius,
242 3948 278 4001 de
300 3944 468 4018 Apollodoro
485 3945 531 4015 qui
548 3960 620 3998 xciii
664 3941 802 3997 reddidit:
821 3969 832 3991 ι
845 3944 886 3995 Te
902 3943 1007 4007 Phasis,
1026 3942 1176 4013 Cynegire,

108 4026 217 4098 Olymp.
233 4026 326 4079 floruit
341 4045 349 4080 ε
364 4047 375 4068 ·
386 4042 475 4095 neque
487 4036 549 4076 ente
559 4040 621 4078 enm
664 4037 752 4077 tameo
773 4041 827 4075 uon
839 4036 871 4075 ut
883 4023 1064 4093 Cynegirnm,
1076 4022 1177 4077 Instru-

108 4107 196 4159 tabule
219 4107 302 4159 ollitas
322 4104 481 4169 ostenditur,
503 4120 562 4173 que
583 4116 622 4157 te·
663 4100 1074 4173 ctemsiqnidemlecitutraque
1086 4120 1176 4157 msuu.

110 4198 170 4239 neat
180 4186 282 4239 oeulos.
294 4210 306 4232 ι
321 4186 388 4237 lnlr.
399 4202 458 4254 esp.
471 4186 518 4238 36.
529 4182 582 4236 En.
666 4180 718 4238 sed
728 4182 816 4252 sapuit
829 4182 926 4252 pictor,
937 4182 1059 4235 menibus
1069 4182 1115 4253 qni
1129 4202 1178 4237 no·
