3100 5125
352 477 425 568 (ιιι
620 488 658 555 C.
687 483 853 554 PLINII
877 482 980 554 NAT.
1010 481 1143 550 HIST.

316 627 319 630 ’
353 615 509 710 oleagini,
533 616 599 686 hoc
625 632 695 703 est,
723 616 835 688 colore
859 593 932 686 olei.
955 615 1115 686 Postremi
1134 610 1335 708 crystallis¹'
1358 611 1439 680 fere

354 721 484 791 similes.
500 723 543 791 Hi
569 669 800 817 capillaiuenta
819 723 961 811 habent,
981 721 1181 814 sordesque.
1197 717 1335 855 alioqui
1342 741 1433 786 evu-

353 813 455 896 uidi¹³
468 851 567 922 :quae
582 842 660 897 sunt
676 831 824 898 omnium
843 831 935 898 vitia.
961 827 1037 898 Indi
1053 827 1136 896 mire
1154 811 1335 920 gaudent¹⁴
1354 822 1432 892 lou·

356 933 503 1027 gitudiuc
522 958 638 1002 eorum
644 933 821 1030 ,solosque
837 957 1043 1030 gemmarum
1062 955 1132 1002 esse
1152 931 1352 1026 predicant,
1369 931 1431 1024 qui

354 1061 467 1110 carere
482 1038 582 1108 ιιιιιιιι
585 1026 748 1109 ⁵malint:
763 1041 807 1110 ob
820 1040 855 1110 id
871 1040 1057 1136 perforatos
1077 1037 1332 1132 elephantorum
1349 1037 1431 1104 setis

354 1143 505 1238 religant
527 1144 610 1215 Aliis
622 1131 810 1217 convenit¹⁶
825 1172 894 1216 nou
913 1160 1067 1242 oportere
1081 1139 1261 1290 perforari,
1279 1165 1429 1236 quorum

356 1249 398 1318 sit
417 1249 570 1320 absoluta
590 1251 742 1337 bouitas,
771 1247 935 1322 umbilicis
962 1247 1123 1321 tantum¹⁷
1147 1274 1188 1320 ex
1209 1272 1293 1317 auro
1316 1248 1429 1342 capita

323 1363 338 1416 3
358 1357 726 1450 comprehendentibus.
740 1358 822 1428 ldeo
835 1357 1002 1452 cylindros
1020 1381 1061 1426 es
1074 1357 1112 1426 iis
1126 1339 1262 1424 facere¹⁸
1276 1352 1430 1438 malunt,

355 1574 461 1628 eoloris.
486 1574 669 1646 Epiphanius,
688 1577 741 1631 loe.
762 1577 809 1631 cit.
832 1576 866 1630 de
910 1577 1050 1642 mevenit,
1063 1593 1119 1628 nou
1133 1585 1259 1646 oportere
1277 1591 1324 1626 eos
1338 1573 1430 1644 perlo-

355 1654 519 1723 beryllorum
540 1656 681 1725 generibus
696 1673 704 1708 :
717 1657 755 1717 ιςι
774 1652 804 1710 dl
824 1661 866 1710 καὶ
908 1656 977 1721 ιιιι,
991 1674 1107 1727 quorum
1127 1654 1160 1707 sit
1178 1654 1298 1724 perlecta
1311 1653 1426 1706 bouitas.

355 1733 415 1789 ἄλλη
431 1734 504 1785 suis
516 1734 588 1804 ipsiu
602 1743 676 1806 κηρῷ.
690 1736 780 1789 Han.
910 1735 1024 1789 Samae.

399 1831 444 1864 rs.
458 1811 578 1865 Postremi
587 1814 720 1886 crystallis,
736 1827 787 1868 etc.
799 1814 867 1868 Soli·
955 1834 998 1885 ¹7·
1023 1813 1146 1867 Uettios
1162 1824 1265 1866 ιιιιιιιιιιι.
1283 1810 1329 1863 Sic
1348 1810 1426 1864 MSS.

354 1897 704 1964 uus,eap.s11,pag.8s:
720 1894 793 1947 «Eos
803 1913 868 1950 vero
911 1912 1019 1958 omues,
1040 1912 1095 1946 uon
1117 1895 1212 1956 statim,
1234 1904 1265 1944 ut
1284 1889 1370 1944 editi:
1391 1891 1426 1942 its

355 1966 488 2041 beryllos,
498 1972 545 2042 qui
556 1973 680 2043 crystallo
692 1973 791 2028 similes
801 2015 809 2038 ,
826 1992 869 2028 ee-
911 1973 965 2046 ipsu
980 1991 1087 2044 quoque
1097 1973 1249 2043 postulante
1258 1970 1313 2024 loci
1323 1982 1427 2023 teuteu-

355 2049 515 2118 pillsmeutis
526 2049 766 2106 intercurrentibus
774 2055 868 2108 obsou·
911 2055 956 2106 tie.
968 2055 1130 2107 Suntauteus
1140 2051 1275 2114 umbilici,
1286 2067 1429 2102 ornamen-

355 2142 473 2181 rautur:
498 2129 552 2182 boc
572 2131 645 2183 euim
668 2133 736 2185 vitio
760 2133 869 2186 illorum
911 2145 938 2186 ta
960 2133 1075 2204 queris,
1093 2131 1149 2184 sire
1172 2132 1274 2202 lignea,
1293 2130 1351 2182 sire
1364 2129 1426 2180 ebo·

355 2226 456 2274 uomen
471 2221 511 2261 est
530 2225 538 2260 ι
559 2210 725 2264 scientissimi
748 2210 869 2284 lapidum
911 2229 970 2276 reu,
985 2213 1039 2264 sive
1053 2230 1132 2264 aures
1145 2209 1271 2272 demum,
1284 2227 1345 2280 que
1354 2207 1428 2261 abso-

356 2285 430 2358 plebi
443 2286 584 2341 dederuut.
605 2314 616 2335 ι
644 2289 763 2344 lsidorus
788 2292 870 2356 item,
912 2292 974 2345 lutis
982 2291 1046 2345 olim
1055 2289 1238 2344 voluminibus
1247 2285 1425 2344 addebantur·

358 2365 433 2436 Orig¹
444 2367 491 2419 lib.
505 2365 593 2434 XVI,
607 2388 667 2439 nep.
681 2390 706 2439 9.
717 2371 810 2425 Haeo.
913 2389 971 2442 qne
982 2372 1068 2440 capita
1082 2369 1271 2428 elenchorum,
1284 2385 1332 2420 seu
1346 2367 1429 2437 cylin-

400 2445 571 2501 stemus.
583 2448 767 2514 senescentes,
781 2449 872 2522 paula·
913 2449 1027 2503 drorum
1037 2451 1176 2504 ornabant.
1190 2445 1271 2502 Unde
1288 2445 1369 2500 dueta
1384 2465 1428 2517 pa·

357 2527 407 2580 tim
429 2524 572 2598 splendore
595 2542 790 2583 evanescente:
812 2548 872 2602 que
913 2529 1021 2595 roemia,
1041 2529 1088 2583 Ad
1106 2527 1360 2591 umbilicumducere,
1376 2525 1431 2579 boc

359 2620 422 2660 suut
434 2606 555 2660 omnium
566 2626 732 2680 gemmarum
747 2610 821 2665 vitia.
836 2610 874 2663 Η.
914 2622 965 2672 est,
974 2609 1110 2663 absolvere
1118 2626 1149 2662 ac
1161 2607 1359 2661 linire'Huen.

401 2693 445 2750 ιιι.
458 2686 516 2739 Indi
529 2693 587 2739 mire
597 2688 706 2757 gaudent
723 2689 873 2759 longitudine
958 2691 1002 2743 18.
1014 2688 1073 2741 Ideo
1083 2682 1204 2760 cylinabbs
1214 2708 1244 2741 ee
1251 2688 1374 2753 iirsueere
1379 2705 1431 2739 ma-

358 2785 447 2818 eormr.
460 2766 545 2819 Solini
556 2767 738 2839 paraphrasis,
749 2770 803 2823 loc.
824 2768 871 2823 cit.
915 2769 981 2833 lunt,
995 2768 1123 2834 ethuia
1138 2765 1341 2821 commendatur
1352 2765 1425 2818 iubis

362 2870 374 2893 ι
387 2842 473 2899 ludici
493 2863 568 2916 reges
582 2846 636 2899 hoc
653 2866 737 2917 genus
756 2866 873 2919 gemmas
914 2846 1049 2918 lapidibus
1062 2846 1217 2919 longitudo,
1237 2866 1270 2901 eo
1291 2844 1429 2919 cylindros

359 2923 388 2977 in
401 2925 566 2996 longissimos
576 2924 712 2996 cylindros
724 2942 814 2981 amant
823 2929 873 2981 lin·
915 2946 947 2981 ex
964 2928 1007 2981 bis
1025 2928 1111 2981 faeere
1125 2928 1243 2991 malunt,
1265 2944 1348 2997 quam
1360 2944 1427 2997 gem-

360 3022 437 3074 gere,
450 3022 549 3075 eosque
558 3005 707 3077 perforatos
719 3006 873 3079 elephanto-
915 3025 979 3060 mas.
994 3005 1116 3077 Cylindri
1130 3018 1192 3059 sunt
1206 3004 1430 3076 lapidesjlougio·

359 3101 421 3135 rum
433 3084 495 3136 setis
510 3083 694 3155 suspendunt,
707 3104 737 3139 ac
763 3086 872 3141 monilia
915 3104 1001 3141 resae
1018 3085 1129 3139 rotundi
1143 3085 1297 3139 manufacti.
1314 3086 1427 3139 Sarnus.

359 3162 459 3215 babent
472 3180 478 3214 :
492 3176 538 3217 aut
553 3183 586 3217 ex
602 3176 717 3236 utroque
734 3166 821 3235 capite
832 3166 873 3219 iu·
914 3166 1024 3219 —Ideo
1039 3166 1168 3240 cylindrm
1182 3166 1222 3231 Eo
1239 3166 1360 3236 pertinet
1371 3183 1425 3217 rer·

359 3252 453 3293 serunt
470 3260 564 3295 aureos
583 3244 737 3306 umbilicos,
757 3258 787 3299 ut
804 3264 873 3299 mer·
914 3262 958 3299 sus
970 3246 1124 3311 luvenalis,
1152 3272 1164 3293 ι
1181 3246 1226 3297 Tu
1241 3246 1315 3299 nube
1322 3282 1333 3303 ,,
1352 3257 1431 3314 arque

360 3333 465 3375 centem
473 3321 874 3379 faciemadnitelamiuoeudunt
915 3336 972 3378 tace
987 3343 995 3378 ι
1011 3325 1112 3379 donant
1132 3342 1224 3378 arcana
1250 3323 1423 3396 cylindros.-

359 3400 527 3473 pinguiorem
547 3420 553 3454 :
574 3421 629 3473 quo
650 3423 698 3475 per
714 3402 872 3459 industrium
916 3404 1018 3459 Denuo.
1039 3433 1074 3445 -
1101 3404 1230 3477 Cyb'rrdrus
1246 3424 1278 3456 ee
1298 3405 1427 3471 insuere.

359 3480 468 3533 metallo
485 3480 623 3540 hincinde
635 3482 746 3547 addito,
767 3484 872 3555 fulgen·
915 3482 1037 3553 Cylindri
1047 3496 1108 3537 sunt
1121 3483 1248 3553 oblongi,
1263 3494 1291 3536 et
1300 3502 1347 3535 eos
1359 3501 1428 3553 sepe

360 3561 456 3613 tiorem
467 3560 572 3613 trabunt
584 3562 679 3615 lucem.
691 3590 705 3610 ι
719 3564 810 3618 lituu.
914 3559 1006 3617 videre
1019 3577 1056 3617 est
1073 3564 1101 3617 in
1115 3562 1232 3634 antiquis
1245 3562 1354 3615 musivis
1365 3581 1425 3633 ope·

403 3638 448 3693 15.
459 3638 548 3692 Carere
556 3642 697 3699 mSiue
713 3661 778 3695 auro
790 3654 871 3713 gestu·
913 3641 995 3697 ribus.
1013 3645 1114 3697 Verum
1128 3656 1159 3697 ut
1178 3642 1281 3695 facilius
1294 3640 1373 3695 detur
1388 3641 1428 3693 in·

359 3720 396 3786 ri,
409 3719 537 3790 quoniam
549 3722 591 3774 vel
607 3721 645 3775 sie
656 3722 750 3776 melius
760 3722 869 3776 niteant.
914 3721 1045 3792 telligere,
1057 3736 1083 3776 et
1093 3720 1246 3793 cylindros,
1259 3732 1287 3775 et
1296 3738 1424 3791 gemmus,

359 3801 452 3855 Hann.
916 3800 1425 3873 muliebremqueantiquitutisornatum

402 3882 446 3933 16.
465 3879 532 3931 Aliis
548 3884 664 3934 conserit.
686 3878 763 3945 Iudi,
783 3880 871 3951 inquit
915 3878 1078 3953 deorumque
1088 3881 1204 3946 cultum,
1217 3879 1430 3951 opernpretiuru

359 3958 476 4021 Plinius,
502 3960 667 4029 beryllorum
698 3958 867 4030 longitudine
913 3960 1063 4015 estruem
1078 3960 1296 4032 inscript'mnem,
1315 3976 1428 4029 quere·

358 4055 527 4109 summopere
540 4037 713 4094 delectantur.
727 4040 794 4092 Aue
808 4059 866 4092 curr-
910 4052 987 4107 perta
999 4054 1037 4094 est
1049 4042 1077 4094 iu
1091 4042 1157 4095 urbe
1172 4040 1239 4095 Acci
1249 4078 1257 4101 ‚
1269 4056 1344 4091 nuuc
1358 4038 1428 4091 Gue-

360 4120 431 4182 nuit,
452 4116 547 4181 idest,
568 4119 637 4173 iuter
656 4118 724 4173 elios
742 4118 866 4173 homines
910 4116 989 4173 diest
1002 4124 1083 4187 ulcio,
1105 4121 1134 4175 ιιι
1153 4118 1280 4190 Hispania
1301 4118 1433 4171 Terraru-
