3100 5125
348 469 419 563 276
613 469 653 535 C.
678 465 846 534 PLlNll
872 464 978 534 tttr.
1004 462 1130 536 tttst'.

346 603 548 696 operiantur,
572 621 686 666 verum
704 610 738 664 et
758 597 919 665 interraso
937 621 1101 665 marmore
1121 596 1407 693 vermiculatisque

314 736 330 789 3
348 708 390 775 ad
407 706 533 802 effigies
553 729 662 771 rerum
678 717 711 770 et
726 701 914 770 animalium
932 699 1077 772 c1·ustis⁹.
1101 705 1177 772 Non
1195 702 1327 798 placent
1336 707 1405 798 jam

347 813 441 881 abaci
451 811 485 895 ¹⁰,
513 833 574 878 neo
595 808 699 902 spatia
720 809 842 875 montis
863 809 896 875 in
919 806 1071 877 cubiculo
1094 807 1290 878 delitentia¹¹
1308 837 1316 878 ι
1335 835 1406 878 coe-

350 921 458 1012 pimus
479 930 511 984 et
528 913 667 1009 lapidem
684 913 829 1007 pingere.
851 915 924 981 Hoc
940 911 1069 1013 Claudii
1087 915 1271 1009 principatu
1291 917 1406 984 inven-

348 1039 443 1091 tum:
465 1021 607 1089 Neronis
627 1041 728 1104 vero,
753 1015 898 1087 maculas
919 1041 991 1112 quae
1018 1043 1086 1087 non
1114 1018 1265 1108 essent¹²,
1288 1021 1408 1090 crustis

348 1193 407 1235 rant
420 1178 521 1250 effigies
532 1197 622 1232 rernru
641 1191 668 1232 et
679 1177 853 1242 animalium,
898 1197 958 1232 rum
968 1176 1146 1232 divisionibus
1156 1175 1303 1241 (nimirum
1313 1183 1410 1237 forma·

348 1260 521 1313 vermiculato
532 1277 621 1329 opere.
634 1258 726 1310 liano.
898 1276 959 1312 rum
973 1255 1159 1328 quadraturam
1171 1272 1197 1312 et
1212 1258 1409 1326 rotundorum)

390 1357 416 1407 9.
435 1338 651 1409 Vemiculatisque
664 1335 701 1387 ud
713 1333 808 1405 effigies
821 1355 858 1386 rs·
899 1338 969 1392 eirea
990 1354 1018 1389 se
1036 1337 1218 1408 prominentes
1242 1339 1341 1394 habent
1366 1345 1424 1395 est-¹

351 1439 402 1472 rum
416 1431 440 1468 ee
455 1418 593 1472 animalium
609 1419 704 1468 crustis.
717 1414 858 1467 Vermicu·
900 1416 1058 1488 pressiones.
1076 1441 1088 1463 ι
1105 1417 1225 1471 Turneb.
1238 1417 1286 1470 lib.
1298 1421 1410 1485 XXVI,

350 1499 400 1552 leta
414 1496 537 1550 dicuntur
550 1513 631 1567 operu
643 1492 857 1564 tessellata‚quiu
900 1514 958 1567 cup.
974 1493 1004 1560 33
1017 1495 1129 1548 Casaub.
1143 1494 1178 1551 ud
1196 1497 1307 1553 Sueton.
1321 1519 1349 1570 p.
1364 1507 1408 1564 4⁰·

309 1589 316 1596 '
350 1576 460 1631 minutis
473 1574 598 1640 tessellis,
615 1573 690 1645 quasi
705 1571 857 1626 vermiculis
901 1575 1003 1628 Dauo.

352 1657 406 1710 sim
425 1655 569 1725 variegata,
595 1653 781 1722 distinctaque.
797 1651 860 1704 Tri·
944 1653 1146 1724 ri.Nscapotiu
1159 1659 1245 1707 montis
1259 1659 1285 1708 in
1298 1658 1410 1711 caliculo

353 1748 410 1789 tum
422 1732 489 1787 illud
504 1730 601 1785 Lucilii
619 1744 674 1786 est:
694 1755 706 1778 ι
723 1731 810 1796 Quam
823 1730 861 1783 le·
902 1733 1034 1786 delitentiu.
1044 1731 1100 1786 Neo
1112 1750 1127 1784 e
1139 1735 1254 1805 spatioso
1265 1749 1356 1790 monte
1367 1756 1412 1790 ex-

352 1813 424 1886 pits
432 1814 503 1866 lexes
514 1822 667 1882 composta.
678 1822 710 1862 ut
725 1809 860 1862 tesserulae
902 1813 957 1866 cisa
967 1829 1100 1864 marmora
1111 1811 1140 1863 in
1151 1815 1304 1868 cubiculum
1313 1814 1411 1869 addere

352 1909 446 1948 omnes
459 1894 523 1944 Arte
535 1891 702 1961 pavimento,
715 1901 795 1960 utque
808 1907 862 1941 etn-
901 1893 955 1964 jem
972 1891 1066 1962 plnoet.
1088 1892 1128 1944 Itu
1142 1893 1211 1946 clare
1225 1893 1301 1946 blSS.
1317 1913 1411 1948 omnes

352 1969 673 2026 blemnterermioulato.·
686 1969 722 2022 Η.
733 1995 774 2010 -
785 1969 862 2020 lutet*
904 1983 931 2024 et
943 1969 1030 2024 editi:
1046 1988 1125 2041 quam
1144 1971 1303 2042 scriptoram
1321 1987 1412 2028 nostra

353 2072 410 2104 mo
428 2069 547 2105 marmore
563 2049 781 2117 vermiculatisque.
798 2047 862 2099 lloeo
904 2067 1025 2122 quoque,
1040 2067 1101 2120 quo
1113 2050 1263 2119 planissimo
1278 2064 1317 2104 est
1331 2054 1412 2107 iuter·

354 2143 414 2183 sunt
427 2131 528 2183 rnusiru
545 2146 641 2198 opera,
661 2128 696 2202 lea
713 2131 862 2198 amiqua,
904 2129 1032 2202 pictatio,
1048 2140 1137 2183 tuetur
1156 2149 1186 2184 uc
1205 2128 1347 2185 defendit:
1364 2152 1413 2186 ne·

354 2227 415 2279 quas
429 2228 482 2260 non
496 2209 587 2260 Romu
605 2219 707 2259 tantum
723 2218 750 2258 et
769 2205 797 2257 in
809 2205 862 2258 lta·
904 2208 1045 2280 quicquum
1060 2209 1219 2280 conjiciente
1238 2210 1365 2265 salmasio
1384 2213 1412 2264 in

354 2288 401 2350 lia,
417 2285 502 2340 sedin
517 2299 573 2339 toto
586 2286 652 2340 orbo
664 2303 776 2338 romeam
789 2285 863 2338 luere
905 2287 975 2340 Hist.
987 2286 1058 2357 Aug.
1078 2305 1106 2358 p.
1127 2287 1182 2353 443
1199 2306 1206 2340 :
1224 2290 1304 2343 «Neo
1322 2293 1413 2361 speela

354 2367 517 2439 pervulgato.
530 2366 614 2418 usos.
905 2357 917 2437 (
926 2365 969 2420 rel
984 2366 1079 2436 specula
1094 2358 1218 2434 )montis
1237 2368 1266 2420 in
1286 2369 1411 2424 cubiculo

401 2465 442 2499 ro.
456 2446 514 2497 Non
524 2445 621 2514 placent
631 2443 684 2514 jam
700 2439 780 2496 abaci.
795 2443 863 2495 Abu·
906 2445 1026 2499 nitentis.
1038 2470 1049 2492 ι
1067 2445 1108 2499 De
1125 2465 1258 2500 marmore
1279 2449 1350 2502 euim
1371 2470 1414 2503 so-

355 2544 402 2581 eos
424 2537 500 2579 vocat
519 2537 622 2579 ornstss
644 2522 779 2576 tabulaeve
799 2540 863 2594 qus·
905 2525 963 2579 lum
982 2524 1027 2593 hic
1047 2541 1152 2591 sermo,
1166 2543 1221 2581 non
1236 2526 1271 2581 de
1283 2527 1414 2601 speculari

356 2605 445 2661 draus
460 2624 475 2659 e
495 2621 643 2665 marmore,
657 2620 717 2675 que
733 2601 863 2672 parietum
905 2603 1004 2676 lapide.
1016 2604 1106 2659 liano.

356 2696 511 2739 ornamenta
533 2695 620 2747 erant,
636 2681 669 2735 iia
688 2681 792 2735 tectorii
807 2682 865 2735 viee
950 2702 996 2737 n·
1011 2684 1123 2737 Maeuius
1131 2704 1185 2756 qua
1193 2704 1240 2738 uon
1249 2699 1333 2740 essem.
1344 2686 1412 2741 Num

357 2759 867 2830 inserta‚asimilitudinedictaligneo·
907 2764 1069 2817 maculosum
1108 2764 1264 2836 variumque
1298 2785 1415 2821 marmor

358 2862 418 2898 rum
439 2842 591 2893 abacorum.
614 2840 765 2893 Utebantur
786 2840 866 2891 nimi·
907 2841 1027 2914 placebat
1041 2863 1048 2893 ι
1062 2840 1170 2913 quodsi
1185 2857 1280 2898 nutura
1293 2848 1345 2898 tsle
1358 2866 1413 2899 non

358 2941 419 2976 rum
432 2919 535 2992 antiqui
549 2917 584 2972 ad
597 2919 705 2972 tectoria
716 2918 865 2988 parietum,
908 2934 992 2987 esset,
1005 2934 1062 2975 arte
1073 2922 1161 2975 fiebut.
1172 2923 1277 2996 Species
1288 2925 1415 2979 nimirum

358 3014 456 3074 proter
468 2999 597 3053 cibarium
612 3016 696 3069 opus,
708 3009 787 3068 atque
799 3016 868 3050 mar·
908 3000 1044 3054 musivarii
1053 3000 1148 3072 operis,
1164 3020 1210 3055 seu
1222 3004 1417 3058 vermiculatio·

358 3095 507 3144 morotum,
526 3078 602 3131 sectis
623 3077 651 3128 in
673 3074 817 3148 quadrata,
838 3077 868 3129 in
908 3078 1027 3133 nistluus
1042 3080 1166 3150 attingit:
1183 3082 1263 3153 puolo
1277 3096 1338 3136 ante
1351 3084 1414 3137 aite-

360 3158 516 3229 sesaupula,
529 3157 558 3209 in
571 3154 868 3227 triquetrs‚marmori·
909 3176 983 3224 ram,
998 3176 1057 3229 quo
1079 3161 1172 3213 crustis
1192 3180 1354 3215 marmorum
1377 3162 1417 3217 di-

359 3233 868 3307 bus‚alabastrite‚porphyrite,iaspide,
910 3236 1100 3292 versicolorum
1118 3241 1301 3294 vermiculatas
1320 3243 1417 3295 anima·

361 3330 389 3372 et
402 3317 430 3370 id
444 3334 526 3387 genus
538 3314 687 3387 lapidibus,
696 3327 776 3385 atque
787 3315 866 3369 vitro.
909 3317 975 3371 lium
986 3317 1087 3387 efligies
1093 3319 1212 3372 referret.
1220 3319 1299 3373 Nunc
1305 3321 1418 3378 alterum

361 3397 409 3449 llas
425 3396 463 3448 sio
483 3394 581 3447 adactu
594 3394 771 3447 censuriones
784 3394 869 3446 nomi-
909 3396 951 3449 bis
964 3396 1066 3461 verbis,
1079 3398 1184 3449 maculas
1199 3418 1252 3472 pue
1268 3418 1316 3451 non
1327 3412 1416 3467 ment,

359 3477 501 3538 nubantur,
516 3486 543 3527 et
556 3473 747 3543 abacivnbgo,
762 3492 869 3544 compur-
908 3493 970 3547 qun
1005 3476 1145 3529 marmoris
1181 3479 1296 3532 mucules
1332 3480 1418 3533 alieno

361 3560 463 3609 timente.
484 3554 518 3607 il.
539 3584 580 3597 ·-
593 3553 684 3607 Atat.
705 3553 744 3605 Ut
760 3551 868 3607 trudunt
909 3550 1036 3609 murmuri
1060 3556 1202 3621 insereret,
1229 3569 1256 3610 et
1285 3561 1363 3612 orbes
1389 3578 1419 3613 ac

359 3633 539 3706 grammatici,
556 3630 622 3696 ἄὸαξ
638 3634 663 3685 οὐ
676 3632 748 3702 pisos
766 3632 807 3685 tat
821 3652 868 3685 ou·
910 3646 998 3687 ovatus
1022 3634 1135 3704 ιλλιὶψιις
1152 3625 1213 3704 (sio
1234 3636 1306 3689 enim
1321 3638 1422 3691 muthe-

358 3712 437 3778 sidot‚
448 3713 510 3768 uit
521 3713 562 3765 καὶ
574 3713 691 3766 initiens
705 3713 869 3781 ὄμοιισχημὸ-
909 3712 1020 3766 mutbici
1042 3707 1165 3783 vocant),
1187 3718 1312 3769 marmori
1334 3717 1421 3769 inclu-

359 3816 405 3847 νων
429 3794 480 3853 τοῖς
504 3792 601 3854 inuios:
626 3789 709 3852 ιῖὅιιξι.
728 3790 868 3842 Vitruvius
911 3790 992 3845 deret.
1012 3792 1122 3857 Seneca,
1140 3812 1183 3864 ep.
1201 3812 1330 3859 nxxxrrr.
1346 3798 1421 3865 cujus

322 3886 325 3893 '
360 3874 407 3927 lib.
419 3874 489 3936 vlt,
505 3890 562 3941 cup.
577 3870 616 3922 3:
638 3870 754 3938 «ltaque
770 3868 867 3921 reteri·
911 3870 1060 3935 initium,·
1079 3874 1110 3925 lu
1126 3874 1183 3943 ipsu
1199 3874 1333 3943 Scipionis
1347 3876 1422 3927 Atri-

358 3954 408 4006 bus
420 3952 564 4023 parietibus
578 3948 699 4003 nonnulli
716 3961 869 4023 crustusm·
910 3950 1041 4003 canivillu
1053 3966 1059 4003 :
1073 3976 1084 3998 ι
1103 3953 1229 4023 «Pauper
1240 3954 1292 4007 sibi
1307 3954 1422 4017 videtur,

359 4031 478 4084 uidentes
493 4046 543 4100 pro
562 4028 650 4080 abacis
662 4038 786 4090 utuntur,
800 4028 869 4098 ipsa·
910 4028 1013 4099 inquit,
1035 4047 1066 4081 uc
1086 4029 1227 4098 sordidus,
1242 4033 1293 4085 nisi
1310 4035 1421 4104 parietes

360 4122 412 4180 que
427 4107 539 4162 tectoria
555 4107 700 4161 abacorum
711 4118 738 4158 et
748 4106 866 4176 speculo·
911 4108 1014 4179 maguis
1034 4122 1059 4161 et
1077 4110 1199 4179 pretiosis
1214 4112 1324 4165 orbibus
1340 4110 1421 4167 reinl-
