3100 5125
498 480 654 587 mnne
678 481 857 548 xxxvr.
919 563 921 568 ,
1139 453 1210 567 4'45

201 609 381 686 Praxitelis,
400 609 486 680 filius
516 608 780 704 Cephissodorus
810 626 843 681 et
871 614 949 682 artis
973 611 1110 682 heeres⁷⁰
1138 614 1209 684 fuit.
1233 639 1262 672 ¹²
1321 651 1324 662 .

150 721 252 812 Cujus
266 715 436 787 laudatum
451 732 501 788 est
516 719 667 812 Pergami
679 714 927 811 symplegmn⁷¹‚
941 720 1070 812 signum
1088 720 1211 810 nobile,
1327 711 1329 722 ⁴

149 825 257 920 digitis
272 825 406 917 corpori
420 825 548 909 verius,
567 847 665 916 quam
687 819 888 909 marmori⁷²‚
904 826 1080 918 impressis.
1097 829 1212 898 Rornae

150 932 218 1023 ejus
246 954 349 1024 opera
373 944 475 998 sunt:
500 932 626 998 Latona
648 930 682 996 in
710 927 825 996 Palatii
854 927 1017 1000 delubro:
1040 933 1154 1002 Venus
1176 936 1210 1001 in

148 1034 303 1105 Pollionis
323 1036 422 1105 Asinii
439 1035 684 1104 monumentis:
703 1049 737 1102 et
751 1036 836 1102 intra
849 1037 996 1106 Octaviae
1011 1039 1159 1131 porticus
1177 1042 1210 1109 in

147 1143 285 1210 lunonis
305 1141 374 1210 tede
388 1139 610 1235 AEsculapius,
630 1164 669 1209 ac
685 1142 807 1208 Diana.

200 1250 317 1341 Scopae
337 1245 410 1317 laus
432 1273 509 1316 cum
531 1246 583 1316 his
605 1261 718 1316 certat.
739 1249 773 1314 Is
793 1246 871 1316 fecit
886 1249 1071 1335 Venerem,
1091 1264 1124 1318 et
1145 1254 1207 1320 Po·
1229 1262 1261 1314 13

147 1339 271 1441 thon⁷³,
285 1367 319 1422 et
334 1340 612 1439 Phaethontem⁷⁴,
625 1355 681 1447 qui
693 1353 908 1422 Samothrace
924 1356 1133 1425 sanctissimis
1149 1383 1208 1426 cae·

148 1460 295 1528 rimoniis
318 1457 483 1527 coluntur.
506 1464 589 1526 Item
612 1456 798 1552 Apollinem
819 1457 1002 1529 Palatinum
1013 1447 1050 1548 ⁷⁵,
1073 1465 1209 1534 Vestam

148 1565 313 1635 sedentem
320 1549 347 1603 ⁷⁶
364 1564 530 1633 laudatam
552 1565 585 1632 in
601 1563 789 1634 Servilianis
809 1565 933 1652 hortis,
950 1566 1098 1660 duasque
1118 1569 1208 1636 Cha·

148 1671 328 1741 metaeras⁷⁷
344 1673 433 1740 circa
450 1694 540 1757 earn,
554 1696 694 1765 quarum
709 1695 806 1766 pares
824 1674 857 1738 in
869 1672 970 1740 Asinii
988 1676 1209 1743 monumentis

146 1841 272 1882 nements
296 1846 348 1899 qus
369 1826 452 1878 Urbis
476 1826 583 1897 regione
608 1828 657 1880 sita
698 1827 737 1878 Ut
750 1823 823 1898 quod
836 1827 933 1898 cuique
946 1845 1023 1880 suum
1037 1830 1153 1893 est‚illis
1165 1831 1209 1884 tri-

147 1905 474 1977 luerinninexploratum.
483 1908 521 1958 De
530 1906 589 1976 ipso
597 1907 657 1961 Pol·
671 1922 678 1934 ·
697 1907 795 1958 huntur
804 1924 810 1958 :
820 1906 937 1959 habento
952 1906 985 1959 Et
997 1906 1114 1961 flammas
1124 1910 1208 1962 Phoe-

146 1987 217 2040 lione
229 1986 346 2040 diximus
359 1986 387 2038 in
398 1988 544 2038 Arctorum
554 1985 654 2041 Indice.
697 1986 778 2049 thou,
794 1998 819 2038 et
839 2003 911 2038 mere
933 1987 1086 2040 Deucalion.
1101 2014 1113 2035 n
1122 1990 1207 2042 Ἠ.-

148 2069 186 2122 De
206 2066 303 2120 Silenis
320 2064 441 2136 proxime
457 2076 542 2117 antee.
561 2064 594 2117 Η.
696 2063 861 2118 Samothrace.
873 2064 958 2117 Gron.
970 2079 995 2119 et
1006 2067 1046 2120 Al.
1057 2081 1115 2120 ante
1125 2068 1206 2122 Hrrd.

188 2167 233 2218 70.
250 2147 287 2198 Et
301 2148 361 2196 ortis
376 2145 460 2195 ltoem.
474 2143 559 2196 Gron.
573 2157 600 2197 et
613 2147 654 2198 Al.
696 2144 876 2198 Samoetoacioe.
894 2141 945 2196 Eu.
1033 2168 1037 2176 ·

145 2238 205 2280 aute
221 2223 306 2278 ilerd.
320 2229 356 2277 rei
367 2235 392 2275 et
406 2226 465 2275 artis
479 2223 563 2275 teres.
581 2225 634 2278 En.
736 2225 784 2294 75.
800 2222 937 2294 Apolla'nem
949 2225 1097 2278 Palatinum.
1110 2227 1204 2280 Diver-

185 2325 232 2376 7¹·
243 2303 404 2376 Symplegma.
416 2303 576 2374 Complexus
588 2303 655 2358 duo·
694 2303 738 2356 ius
760 2303 805 2356 hic
820 2317 858 2356 est
878 2323 893 2357 a
908 2303 1075 2375 Capitolino,
1098 2304 1132 2357 de
1151 2325 1204 2376 quo

144 2403 204 2438 rum
220 2383 386 2456 puellarum,
399 2394 492 2434 mutuo
507 2401 562 2436 sese
575 2402 653 2436 oscu-
694 2381 806 2446 Plinius,
821 2383 901 2444 x111,
916 2401 960 2452 ²7·
972 2397 998 2435 et
1012 2385 1141 2448 XXXIV,
1158 2389 1205 2452 18,

144 2464 254 2517 lentium
278 2485 284 2516 ι
308 2463 350 2515 vel
372 2460 487 2513 duorum
507 2462 653 2515 collucten·
694 2462 743 2514 etsi
765 2462 874 2514 unicum
897 2462 1080 2534 Daleoompius
1107 2464 1204 2518 conflat

144 2544 209 2599 tium
221 2556 266 2597 :ut
276 2561 338 2596 mox
349 2542 400 2595 hoc
411 2541 469 2612 ipso
478 2541 573 2613 capite.
584 2544 652 2597 Du..
693 2558 726 2595 ex
741 2539 855 2597 duobus.
872 2541 965 2595 llsnn.

183 2643 231 2694 7².
240 2624 343 2694 Corpori
351 2626 441 2685 verius,
451 2641 522 2694 quum
531 2626 651 2677 marmori.
734 2625 782 2690 76.
800 2622 898 2673 Vestam
909 2622 1033 2673 sedentem.
1051 2620 1094 2675 sie
1109 2622 1164 2679 lere
1176 2637 1202 2676 et

141 2785 218 2837 tueri.
234 2784 324 2835 Hono.
691 2796 772 2832 manu
796 2780 894 2843 lacem,
913 2778 1016 2833 discum
1035 2782 1134 2845 altera,
1154 2800 1201 2835 seu

182 2864 229 2934 73.
237 2864 263 2915 Is
263 2863 327 2930 fecti
334 2862 447 2914 Venerem
454 2873 478 2914 et
488 2861 590 2925 Potlwn,
601 2874 650 2916 etc.
690 2858 840 2912 libatoriam
853 2873 970 2931 pateram
982 2860 1095 2931 prefert.
1106 2861 1158 2914 Fax
1168 2861 1202 2914 ad

142 2939 253 2996 Paussn.
264 2942 293 2994 in
306 2942 388 2995 Arrio.
400 2940 452 2993 hoc
464 2953 516 3000 est.
532 2942 556 3004 1,
563 2938 591 3012 p.
601 2944 650 2995 81:
691 2938 780 3009 ignem
792 2940 923 3011 pertinet:
937 2939 1023 2993 discus
1033 2938 1066 2992 sd
1076 2941 1202 2993 sacrificiu

141 3024 226 3074 Meo
237 3016 281 3086 tt,
293 3010 375 3092 Epor,
386 3018 428 3072 καὶ
438 3011 534 3091 Ῐμερος,
547 3019 590 3072 sel
604 3023 651 3073 llo'-
691 3018 803 3072 solemni
813 3021 1054 3091 rituperpetuoque
1063 3014 1158 3073 oblatu.
1166 3020 1200 3075 Η.

140 3106 187 3162 ter.
199 3128 211 3149 ι
226 3102 321 3172 Scopa
335 3098 458 3169 Cupido,
470 3098 612 3169 Appetitus
625 3112 651 3153 et
714 3157 717 3166 ,
733 3118 779 3168 77.
796 3098 966 3152 Clametoeras.
980 3099 1067 3152 socias
1077 3100 1150 3151 humi
1162 3119 1201 3153 se·

140 3179 257 3245 Pothos‚
271 3200 317 3233 seu
333 3177 509 3233 Desiderium.
526 3204 537 3225 ·
557 3178 589 3230 ll.
690 3174 797 3243 dentes,
814 3196 869 3231 nou
888 3179 917 3230 in
931 3176 1016 3231 sedili.
1035 3177 1198 3231 Vertendum

179 3268 228 3329 7⁴·
241 3261 280 3313 Et
293 3259 473 3311 Phaethontem.
493 3258 649 3311 Revocrtin
689 3269 769 3308 scorta
790 3257 898 3310 minime
918 3271 996 3329 puto,
1020 3259 1144 3329 quonium
1169 3258 1199 3311 id

140 3341 296 3397 memoriam
328 3338 428 3408 effigies
460 3356 490 3389 ea
518 3337 648 3407 picturam
691 3336 778 3388 Veste
796 3335 931 3406 pudicitie
949 3356 1002 3390 non
1022 3339 1198 3393 conveniret:

140 3416 256 3490 ejusdem
264 3417 436 3471 Phaethontis
445 3417 536 3469 inscite
545 3418 649 3473 fretum.
690 3416 740 3467 nisi
757 3418 816 3487 quis
836 3428 911 3486 putet
936 3417 963 3467 in
985 3418 1052 3469 facie
1072 3418 1199 3470 comitum

140 3496 167 3549 in
178 3517 258 3569 qoam
271 3498 389 3549 Lucilius
398 3508 470 3549 vates
480 3496 561 3549 facete
574 3496 647 3557 lusit,
689 3495 776 3548 Vester
789 3496 942 3565 expressisse
953 3498 1120 3549 meretricum
1134 3496 1199 3549 due-

139 3576 166 3628 iu
180 3577 292 3630 Anthol.
305 3577 354 3629 lib.
368 3576 409 3639 11,
423 3575 463 3627 tit.
479 3594 513 3645 ¹9
529 3576 648 3645 εΓρᾰψας
689 3592 750 3626 rum
763 3574 920 3645 imaginem,
939 3594 1004 3645 quas
1016 3578 1135 3639 amabat,
1151 3595 1198 3646 pe·

139 3661 306 3717 Δευκαλίωνα,
319 3657 479 3725 Μινίςρατι,
492 3654 533 3706 καὶ
544 3658 648 3707 vellor-
690 3652 834 3725 dissequus.
846 3652 961 3719 Quidum
976 3657 1079 3725 legunt,
1093 3657 1200 3708 Commo·

138 3738 282 3801 respersit
295 3735 331 3796 τὶς
345 3736 436 3788 τούτων
447 3733 512 3797 ἄξιός
523 3736 559 3794 les
570 3734 648 3799 τίνος
690 3737 759 3787 trias.
774 3734 844 3786 Dlr.
862 3763 901 3775 -
918 3734 1087 3787 Clametoeras.
1111 3742 1199 3804 Kaps-

138 3818 193 3876 ‘rsit
212 3812 283 3876 ἰδίοις
305 3815 392 3875 αὐτοὺς
410 3815 559 3884 τιμήσομιϊ
582 3814 647 3875 ἄξιος
688 3814 767 3882 ταιρΙς
779 3812 912 3886 Hesyebio
923 3815 997 3882 πόρνη
1009 3812 1117 3873 dicitur,
1129 3832 1199 3865 scor-

139 3895 211 3954 ὄντως
231 3884 276 3955 te
290 3895 364 3964 πυρὸς
381 3895 492 3955 Φαέθων,
512 3892 647 3946 summor
690 3904 755 3943 tum.
772 3892 810 3944 At
820 3892 906 3962 tratre
920 3894 1018 3945 sociem
1033 3905 1059 3944 et
1074 3893 1199 3956 amicam,

139 3967 164 4023 δ’
173 3969 275 4035 iletre.
285 3999 297 4021 ι
306 3974 395 4025 Pictus
402 3972 557 4037 Deucalion,
565 3972 648 4025 Plute-
691 3971 775 4041 magis
790 3990 881 4024 severo
896 3990 925 4023 ec
939 3970 1039 4042 pudico
1052 3972 1128 4023 etiam
1150 3990 1199 4023 no·

139 4052 647 4123 thooque,Meuestrste,pictusEsttibi:
691 4051 762 4102 mine
790 4063 874 4103 sonat.
904 4050 994 4115 Quare
1022 4051 1200 4122 Χαμιταίρας,

140 4151 193 4203 quo
203 4131 308 4203 dignus,
318 4130 426 4203 qumis,
435 4144 546 4203 uterque
554 4130 647 4185 labor?
691 4128 982 4184 sociasliumisedentei
987 4130 1156 4202 interpretor.
1166 4130 1200 4181 Η.
