3100 5125
485 547 642 613 LIBER
668 545 829 611 XXXV.
910 551 912 556 '
1118 543 1186 618 365

129 693 187 747 aut
196 675 363 746 vehiculis.
374 677 446 744 Janr
457 677 636 769 piscantes,
649 685 932 769 aucupantesque,
948 688 1004 743 aut
1015 693 1187 768 venantes,

129 799 187 851 aut
196 784 295 852 etiam
303 782 558 866 vindemiantes,
567 795 645 849 sunt
653 783 686 848 in
695 781 764 874 ejus
774 779 1033 873 exemplaribus:
1047 782 1188 872 nobiles,

130 888 268 983 palustri
284 912 419 957 accessu
434 886 538 975 villae,
554 884 739 956 succollatis
753 887 929 980 sponsione
940 871 964 910 ²⁶
981 884 1188 977 mulieribus,

12 989 17 997 ’
130 994 276 1063 labantes
296 992 483 1086 trepidique
499 992 672 1061 feruntur:
692 991 842 1086 plurimae
858 1007 1014 1085 praetcrea
1034 993 1114 1063 tales
1135 1019 1188 1064 ar-

130 1102 226 1193 gutiae
250 1099 438 1168 facetissimi
465 1096 564 1168 salis:
581 1097 734 1190 idemque
758 1096 991 1167 subdialibus²⁷
1011 1101 1190 1172 maritimas

131 1206 225 1273 urbes
246 1204 382 1299 pingere
401 1205 560 1289 instituit,
580 1202 792 1271 blandissimo
815 1219 971 1297 aspectu,
990 1206 1191 1301 minimoque

130 1309 306 1405 impendio.
328 1309 393 1378 Sed
413 1308 503 1378 nulla
523 1308 628 1403 gloria
647 1309 811 1377 artilicum
826 1324 895 1395 est,
916 1311 978 1378 nisi
1000 1335 1114 1380 eorum
1133 1315 1223 1406 quis

131 1415 256 1484 tabulas
274 1417 432 1510 pinxere:
450 1440 555 1509 eoque
575 1414 795 1483 venerabilior
810 1429 947 1509 apparet
956 1401 980 1440 ¹⁸
1002 1419 1188 1511 antiquitas.

130 1523 204 1591 Non
218 1523 308 1590 enirn
323 1522 463 1615 parietes
474 1519 667 1590 excolebant
680 1519 822 1590 dominis
837 1535 983 1603 tantum,
999 1547 1060 1591 nec
1074 1523 1190 1594 domos

131 1653 194 1696 uno
210 1629 247 1695 in
266 1624 340 1695 loco
355 1650 543 1712 mansuras,
557 1651 629 1719 quae
648 1651 689 1694 ex
708 1625 867 1695 incendiis
882 1629 953 1720 rapi
967 1651 1034 1695 non
1046 1645 1189 1722 possent.

130 1732 248 1802 Casula
262 1734 462 1826 Protogenes
477 1747 651 1801 contentus
663 1746 735 1800 erat
750 1732 785 1799 in
800 1731 932 1801 hortulo
951 1758 1019 1802 suo.
1037 1734 1136 1803 Nulla
1156 1737 1190 1804 in

130 1837 251 1932 Apellis
262 1840 406 1908 tectoriis
415 1839 543 1932 pictura
552 1852 632 1906 erat.
649 1836 806 1921 Nondum
819 1836 941 1906 libebat
950 1840 1091 1930 parietes
1103 1855 1189 1912 totos

131 1946 273 2038 pingere.
294 1945 412 2012 Omnis
425 1968 541 2013 eorum
556 1967 608 2011 ars
623 1943 760 2011 urbibus
773 1941 999 2026 excubabat,
1017 1947 1189 2040 pictorque

131 2076 180 2120 res
197 2035 413 2120 communis³⁰
425 2065 587 2118 terrarum
607 2062 686 2116 erat
707 2049 783 2116 Fuit
796 2062 829 2116 et
841 2045 981 2118 Arellius
1002 2051 1117 2120 Romae
1134 2078 1186 2122 ce·

131 2155 217 2224 leber
234 2154 334 2250 paulo
358 2169 434 2223 ante
456 2155 570 2222 dirum
597 2157 807 2247 Augustum:
831 2155 892 2223 nisi
921 2154 1043 2249 flagitio
1067 2159 1187 2253 insigni

131 2263 328 2356 corrupisset
340 2275 599 2354 artem,semper
611 2259 748 2353 alicujus
759 2259 889 2328 feminae
901 2283 1013 2328 amore
1029 2262 1188 2356 flagrans,

169 2439 214 2488 26.
231 2435 331 2488 Nobiles
336 2433 441 2503 palustri
449 2451 544 2484 acuatu
551 2432 635 2496 niiloe,
680 2435 784 2495 morat,
797 2430 823 2482 in
832 2429 1072 2487 Herculanensibus
1080 2433 1190 2505 picturis

130 2515 410 2585 miletirrpomioue,
422 2523 471 2565 ete.
484 2511 594 2565 Nobiles
608 2523 639 2564 ut
680 2521 787 2564 tractam
798 2507 889 2561 videre
903 2523 948 2564 est.
962 2512 1011 2562 En.

129 2594 229 2664 bajuli,
259 2612 309 2665 per
335 2610 465 2646 accessum
494 2591 638 2661 palustrem
722 2609 766 2660 ²7·
781 2588 941 2643 Subdialibur.
957 2592 988 2642 ln
1005 2592 1049 2653 iis,
1068 2612 1126 2664 qne
1139 2598 1189 2649 sub

130 2673 263 2745 cujusdam
285 2672 368 2734 villu,
396 2672 463 2723 colla
482 2670 638 2723 mulieribus
678 2667 1082 2732 diosnnt,inambulatiunibns.
1096 2674 1188 2729 Hann.

131 2772 160 2805 ex
173 2752 316 2825 sponsione
328 2750 431 2804 onerati
445 2749 596 2802 vacillantes
608 2767 638 2801 ac
720 2751 765 2802 28.
786 2748 951 2802 Venerabilior
966 2764 1068 2820 apparet
1087 2758 1189 2825 autibus.

131 2832 208 2884 ueluti
232 2830 308 2885 oneri
333 2842 477 2885 metuentes
497 2827 636 2882 incedunt.
679 2828 810 2881 tar.Brot.
826 2846 858 2879 ex
873 2826 950 2881 MSS.
963 2830 1044 2901 Regg.
1058 2831 1146 2885 Dalee.
1162 2848 1189 2887 et

130 2909 205 2963 llnnc
219 2912 308 2964 locum
327 2928 358 2962 ex
374 2908 429 2962 lide
442 2909 504 2978 Reg.
524 2906 583 2960 eod.
601 2927 635 2972 a,
678 2904 794 2960 editione
805 2906 941 2978 principe,
955 2910 1114 2962 venerabilior
1126 2916 1189 2965 auti-

130 2988 204 3043 colb.
227 2990 259 3054 3,
280 2989 445 3059 aliorumque
464 2986 633 3040 refluximus:
678 2990 777 3057 quitatis
785 2987 914 3055 prudentia
924 3001 1032 3058 apparet.
1043 2990 1095 3043 En.

129 3088 210 3139 quum
223 3070 298 3141 prius
312 3068 348 3121 ita
367 3069 505 3138 legeretur,
516 3067 637 3135 interpo·
721 3084 764 3135 ²9·
782 3066 866 3118 Omnis
876 3086 956 3118 eorum
964 3087 1003 3119 ars
1014 3069 1109 3121 urbibus
1117 3092 1188 3124 earu·

130 3149 197 3202 laute
211 3150 329 3201 Bttrbaro
344 3169 350 3198 :
364 3171 375 3194 ι
391 3159 436 3198 aut
451 3146 529 3199 etiarn
545 3144 637 3198 vinde·
679 3144 761 3199 babet.
776 3145 839 3197 Orbi
856 3146 960 3198 mallem
974 3147 1087 3217 legeres,
1107 3169 1186 3221 quam

129 3229 248 3281 mirantes.
258 3230 327 3281 Sunt
337 3227 365 3278 in
376 3227 434 3295 ejus
443 3225 636 3296 exemplaribus
678 3224 789 3289 urbibus,
810 3244 871 3277 nana
891 3227 1009 3297 sequitur
1033 3228 1185 3294 confestim,

128 3304 637 3378 nobiles,palustriaccessnvillrs,suc-
681 3328 694 3351 ι
707 3305 847 3375 pictorque
873 3322 914 3357 res
934 3307 1082 3359 communis
1105 3320 1186 3362 terra·

129 3387 281 3439 oollantiutu
296 3384 382 3454 specie
396 3384 534 3447 mulieres,
547 3384 636 3436 laben·
677 3401 738 3435 rum
752 3396 815 3436 erat.
827 3411 838 3430 ·
849 3384 928 3435 Prrr.
937 3414 974 3425 --
983 3386 1075 3439 Omnr's.
1084 3390 1147 3459 Reg.
1161 3408 1186 3453 a,

128 3464 471 3537 testa-epidtequeiernntur.
479 3464 528 3514 »In
535 3464 599 3532 aeg.
610 3481 635 3526 a,
677 3468 779 3514 omnium
789 3482 877 3514 eoram.
889 3463 981 3517 Malim
992 3484 1059 3536 ego,
1071 3470 1185 3521 omnibus.

129 3546 207 3598 Colb.
227 3544 253 3605 3,
272 3557 298 3597 ct
319 3545 406 3596 Parin.
424 3540 488 3595 edit.
501 3545 634 3612 sponsione.
678 3541 712 3593 Ht
723 3572 764 3581 —
777 3543 863 3595 Omnis
877 3562 956 3595 eorum
970 3564 1019 3595 urs.
1035 3546 1138 3600 Broter.
1154 3567 1184 3600 ex

129 3624 281 3677 Gronovius
302 3624 409 3692 personis
426 3630 485 3692 'pro
513 3626 637 3691 sponsione
678 3619 753 3673 MSS.
765 3622 848 3692 Regg.
863 3634 889 3674 et
907 3621 969 3676 edit.
984 3624 1070 3694 princ.
1085 3630 1186 3678 omnium

128 3704 228 3757 scribit.
240 3704 302 3754 Vox
313 3721 395 3771 porro
405 3701 547 3754 succollare
557 3701 636 3753 latina
677 3719 755 3751 suurn
768 3722 816 3753 urs.
832 3702 883 3753 Eu.

129 3796 182 3844 est,
197 3781 390 3851 etTranqnillo
403 3780 636 3851 quoquenota.11.
719 3778 762 3832 bo.
781 3782 829 3832 lies
838 3784 973 3833 cummunis.
988 3782 1052 3833 Rern
1068 3801 1186 3837 eorumn-

130 3894 166 3905 -
190 3862 333 3932 Treprtiique
351 3861 472 3929 feremur.
502 3860 574 3911 Brut.
602 3877 634 3911 ex
678 3876 740 3910 nern
756 3872 846 3924 vocat,
864 3872 975 3930 propter
994 3862 1108 3926 tabulas,
1126 3882 1186 3934 quae

129 3942 203 3996 MSS.
215 3943 296 4011 Regg.
310 3963 341 4001 a,
355 3941 388 4005 5,
403 3940 545 4015 trepidisque
551 3939 635 4006 serua·
679 3935 752 3989 domi
761 3978 769 4002 ,
779 3944 857 4009 utque
870 3939 997 3991 inlocum
1012 3941 1091 3991 aliurn
1104 3956 1187 3999 traus-

130 4024 215 4075 tur.1n
225 4021 283 4074 tta.
295 4020 359 4090 Reg.
370 4020 385 4071 3
398 4032 423 4071 et
437 4017 555 4070 editione
564 4018 636 4088 prin·
678 4016 743 4068 ierri
753 4031 860 4087 possent
870 4036 876 4069 :
885 4031 951 4070 utex
962 4018 1057 4071 Achaia
1065 4022 1095 4073 L.
1105 4022 1189 4077 Mum-

129 4100 204 4171 cipe,
220 4100 353 4172 trepideque
367 4100 489 4166 seruntur.
508 4097 636 4167 Pleraque
679 4096 763 4147 mium
785 4098 945 4149 transtulisse
963 4100 1093 4167 permulta
1112 4121 1189 4176 supe.

130 4183 185 4235 boc
204 4192 370 4250 argutnenta,
389 4197 447 4249 qnae
465 4176 566 4231 Plinius
585 4194 638 4228 me·
681 4174 868 4229 riusvitlimus.
883 4174 970 4228 lisso.
