3100 5125
357 581 426 660 ard
606 578 665 644 ‘C.
691 577 856 644 PLINII
884 576 986 646 NAT.
1013 579 1142 683 tttsT.

355 723 484 780 acetum
497 693 623 776 additis.
642 707 839 777 Adulterant
856 733 1019 778 marmore
1039 706 1147 776 trito¹²
1163 711 1303 778 maxime
1315 711 1416 780 Rho-·

354 814 441 883 diam
455 814 632 906 aeruginem
643 865 653 899 ,
665 812 719 883 alii
737 816 884 907 pumice,
902 829 959 882 aut
970 816 1104 908 gummi.
1117 815 1284 908 Praecipue
1298 831 1409 884 autern

354 918 436 989 fallit
446 906 469 944 ¹³
483 932 666 988 atramento
684 921 810 988 sutorio
827 919 1018 988 adulterata.
1034 922 1159 989 Caetera
1174 921 1261 988 enim
1274 909 1298 950 ¹⁴
1311 921 1411 990 dente

353 1024 656 1119 deprehenduntur,
669 1024 839 1094 stridentia
851 1026 885 1094 in
899 1024 1080 1094 frendendo
1089 1011 1123 1088 ¹⁵.
1139 1027 1410 1118 Experimentum

320 1145 335 1197 3
355 1132 389 1198 in
409 1128 523 1198 batillo
533 1114 557 1152 ¹⁶
576 1129 703 1200 ferreo:
725 1155 800 1198 nam
820 1156 893 1224 quae
915 1132 1039 1199 sincera
1058 1145 1125 1216 est,
1147 1155 1242 1199 suum
1264 1130 1409 1200 colorem

354 1236 492 1302 retinet:
507 1259 578 1328 quae
594 1237 696 1302 mixta
710 1251 906 1322 atramento,
925 1235 1077 1304 rubescit.
1090 1235 1356 1330 Deprehenditur
1377 1251 1412 1306 et

353 1364 494 1433 papyro,
509 1338 592 1433 galla
606 1341 696 1433 prius
710 1356 899 1410 macerato:
919 1343 1074 1434 nigrescit
1093 1344 1181 1410 enim
1198 1345 1307 1410 statim
1322 1367 1409 1410 aeru·

353 1446 429 1538 gine
449 1443 539 1513 itttra.
568 1446 837 1538 Deprehenditur
858 1461 891 1514 ct
912 1448 1002 1530 visu,
1029 1445 1170 1538 maligne
1194 1448 1312 1516 virens.
1344 1447 1410 1515 Sed

351 1552 420 1618 sive
438 1553 598 1620 sinceram
621 1553 688 1619 sive
709 1551 942 1636 adulteratam,
960 1553 1164 1644 aptissimum
1186 1567 1235 1620 cst
1255 1554 1408 1622 siccatam

350 1655 384 1722 in
397 1659 510 1748 patina
526 1678 612 1724 nova
626 1658 677 1723 uri
687 1655 710 1695 ¹⁷
721 1671 757 1725 ct
769 1659 909 1738 versari,
926 1657 1031 1726 donec
1049 1655 1157 1724 favilla
1172 1643 1278 1724 fiat¹⁸:
1294 1671 1409 1751 postca

302 1798 310 1812 ·
350 1763 466 1829 teritur
487 1776 522 1830 et
541 1761 738 1830 reconditur.
761 1761 870 1855 Aliqui
883 1761 907 1800 ¹⁹
928 1764 962 1830 in
985 1763 1094 1830 crudis
1115 1762 1269 1832 fictilibus
1288 1777 1409 1848 urunt,

351 1989 480 2059 contingit
494 1989 693 2042 coronariorum
709 2005 762 2041 rec.
775 2001 826 2041 etc.
842 2011 854 2036 ι
901 2001 955 2052 est,
967 1987 1055 2048 larvis,
1074 2000 1100 2040 ct
1112 2005 1166 2039 non
1180 2005 1284 2057 aspere,
1299 1989 1352 2040 illis
1364 2008 1410 2040 ce·

353 2069 471 2138 Optime.
481 2061 607 2136 Contingit
614 2067 754 2120 estensistit
760 2086 859 2137 nempe
901 2065 950 2119 dit.
966 2091 977 2112 ι
990 2065 1112 2118 Totidem
1128 2068 1215 2118 verbis
1227 2080 1253 2118 et
1267 2067 1355 2120 Diosc.
1371 2069 1410 2132 V,

352 2165 448 2218 erugo.
457 2148 579 2209 Dixerat,
590 2172 601 2193 ι
609 2145 744 2217 AEruginis
752 2164 858 2217 quoqne
903 2163 951 2214 91.
964 2145 1053 2196 Hrnn.

352 2245 461 2296 magnus
475 2243 553 2288 usus,
579 2223 626 2277 sed
645 2225 767 2294 pluribus
784 2243 813 2277 ea
827 2224 858 2278 iit
944 2225 990 2277 15.
1006 2222 1137 2274 Strt'denu'a
1152 2225 1328 2290 infundendo.
1341 2226 1406 2277 Dio-

354 2303 446 2356 modis.
460 2330 472 2350 ι
486 2303 629 2366 coronarii,
638 2304 684 2373 qui
696 2322 812 2355 coronas
822 2305 860 2356 fa·
901 2297 1246 2365 commendatitiarum
1258 2305 1409 2373 inrpricrur,

352 2383 440 2447 ciunt,
454 2383 504 2435 lib.
517 2383 595 2446 xxl,
613 2401 627 2433 s
643 2399 650 2432 :
664 2408 675 2428 ι
689 2383 803 2452 Sicyone
818 2379 860 2434 in·
901 2381 1020 2434 dentium
1034 2399 1170 2451 oppressu.
1180 2383 1247 2435 Dan.

351 2461 428 2532 genio
442 2460 541 2516 Pausias
552 2460 661 2530 picturis
672 2474 751 2530 etque
765 2461 859 2530 Giyce·
945 2465 990 2512 ¹6.
1003 2461 1196 2530 Experimentum
1206 2466 1230 2512 in
1242 2461 1334 2514 batuto.
1347 2462 1410 2514 Fer-

353 2561 389 2595 rre
401 2539 546 2594 coronariae
554 2537 714 2593 dilectaeiili.
730 2566 742 2588 ι
756 2539 858 2594 Eodem
900 2557 977 2593 reum
998 2538 1026 2592 id
1051 2541 1252 2593 instrumentum
1275 2554 1329 2602 cet,
1354 2561 1407 2612 quo

352 2619 858 2691 lib.cap.9:‚·sliiasphaltion,msjore
902 2637 993 2689 pruna
1013 2619 1182 2689 colliguntur,
1202 2619 1236 2673 ad
1257 2620 1408 2673 similitudi·

352 2699 431 2764 iolio,
445 2717 500 2770 quo
510 2710 622 2751 utuntur
634 2698 781 2758 coronarii,
805 2711 859 2751 net
901 2697 1408 2768 nempalaemnepelleasemlaminam

352 2797 410 2849 cap.
430 2796 463 2831 ss
482 2795 489 2829 ε
508 2802 520 2824 ι
542 2777 682 2829 Coronatii
702 2774 811 2847 quidem
832 2788 858 2829 et
900 2794 950 2847 pro
970 2776 1062 2829 batillo
1081 2776 1169 2829 Diosc.
1191 2777 1316 2840 adhibet,
1335 2778 1408 2847 quod

352 2857 433 2927 spinte
443 2855 510 2907 flore
524 2866 642 2908 utuntur.
657 2879 668 2900 ι
687 2855 858 2908 Gnosor.-
900 2852 1022 2908 eumdem
1038 2874 1113 2906 usum
1125 2856 1205 2907 habet
1219 2876 1225 2905 r
1238 2868 1333 2908 cetero
1346 2858 1410 2908 Dio·

354 2934 546 2987 Commriorsm.
560 2933 665 2986 Exsistit
674 2935 727 3003 jam
742 2952 857 3003 aerngos
900 2932 1009 2985 scoridis
1033 2934 1129 2985 rationi
1154 2952 1259 3002 prorsus
1285 2935 1408 2989 Pliniana

352 3013 530 3066 recisamentis
549 3012 636 3073 erreis,
652 3030 711 3081 quo
730 3013 858 3081 abjiciunt
902 3012 1023 3081 congruit
1038 3028 1045 3063 :
1058 3013 1090 3063 Τὸ
1101 3007 1290 3079 diffiteamur,
1304 3015 1406 3083 inquit,

266 3153 273 3169 ἱ
352 3092 372 3145 ii
384 3092 431 3163 qni
445 3109 555 3143 coronas
565 3110 595 3143 es
606 3109 657 3143 sere
666 3090 775 3154 tactum,
785 3090 858 3162 quod
901 3092 1063 3160 ἀπιλίγχιται
1085 3097 1119 3160 τῷ
1137 3090 1210 3159 πυρὶ,
1230 3102 1280 3143 etc.
1300 3116 1311 3139 ι
1329 3095 1407 3146 Atra-

353 3170 520 3223 coronsrium
532 3170 631 3222 idcirco
640 3170 800 3240 appellatum
811 3184 858 3236 est,
900 3182 1017 3221 mentum
1030 3169 1158 3221 sutorium
1179 3169 1240 3239 igne
1257 3168 1407 3240 deprehen-

353 3268 410 3321 cep.
426 3268 469 3302 so.
482 3249 572 3301 Haeo.
899 3246 972 3299 ditur
983 3266 990 3299 r
1000 3264 1113 3315 namque
1126 3247 1146 3298 si
1159 3246 1261 3300 laminae
1272 3263 1317 3301 sut
1328 3251 1407 3303 fictili

396 3328 857 3390 12‚Adulremrtnrenroretrito,etc.
901 3328 1042 3395 eruginem
1062 3326 1095 3378 its
1111 3323 1282 3379 adulteratam
1303 3330 1407 3400 insper-

352 3405 475 3461 Totidem
496 3406 584 3459 verbis
603 3406 690 3457 Diosc.
710 3407 746 3469 V,
764 3424 811 3473 9¹,
831 3419 858 3459 et
899 3406 1008 3468 seris,ct
1019 3406 1114 3457 horum
1126 3405 1280 3458 alterutrum
1292 3406 1404 3461 ferventi

353 3484 456 3537 Oribas.
471 3485 554 3549 XIII,
571 3502 597 3554 p.
619 3502 685 3551 ²²7·
706 3484 789 3536 II.-
803 3487 857 3537 Ant
899 3483 980 3534 cineri
998 3496 1044 3535 aut
1057 3484 1149 3553 prunis
1166 3483 1337 3554 imposueris,
1349 3506 1407 3539 mu·

350 3562 680 3634 grmniQuidsmrssilem
689 3561 856 3626 deteriorem,
899 3561 1183 3625 tatocoicrerubescet,
1192 3582 1250 3633 ques
1259 3577 1405 3618 atramento

352 3643 468 3696 admixto
478 3643 593 3711 gummi,
604 3660 655 3710 pro
663 3641 759 3693 factitis
767 3643 857 3710 priore
898 3642 997 3693 sutorio
1009 3641 1088 3693 mixta
1102 3642 1195 3705 fuerit,
1209 3654 1259 3694 etc,
1274 3667 1284 3688 ι
1304 3644 1337 3695 H.

352 3720 484 3783 rendunt,
495 3720 582 3791 inquit
591 3718 742 3772 Dioscorid.
754 3718 807 3771 Sed
819 3720 856 3771 ri·
942 3720 1127 3788 17.1n,›an·na
1144 3738 1203 3771 notu
1221 3723 1265 3771 uri.
1279 3722 1342 3773 ttaec
1355 3735 1406 3774 tot·

352 3801 448 3853 tiorum
461 3798 487 3851 id
500 3818 583 3869 genus
596 3800 770 3876 improbatur.
785 3800 855 3852 Dar..
898 3795 969 3849 idem
984 3799 1071 3850 verbis
1084 3797 1233 3851 Dioscorid.
1247 3800 1281 3860 V,
1294 3820 1337 3869 ps,
1350 3801 1383 3852 H.

395 3878 440 3929 13.
460 3878 584 3947 Pmciprte
607 3890 684 3929 eutem
702 3878 787 3944 ,[αἱίίε,
805 3890 854 3931 etc.
941 3878 984 3929 18.
1001 3877 1083 3927 Donec
1090 3877 1179 3943 favilla
1184 3876 1243 3945 fiat.
1259 3879 1350 3930 Donec
1361 3897 1407 3931 co·

353 3957 439 4010 Diosc.
451 3968 478 4008 et
491 3956 567 4009 Oiih.
581 3956 609 4008 ll.
624 3973 663 4008 cc.
679 3957 768 4009 IIsnn.
898 3954 980 4007 iorem
1000 3956 1134 4008 cinereum
1149 3954 1345 4025 quodammodo
1364 3976 1407 4010 re·

395 4042 439 4098 td.
455 4036 549 4088 Cutem
559 4039 620 4086 enim
634 4035 717 4098 dente,
732 4039 784 4086 ctc.¹
797 4034 856 4085 Ori·
897 4033 976 4095 Icrat,
989 4033 1075 4105 inquit
1087 4034 1175 4087 Diosc.
1189 4036 1232 4095 Io<
1242 4035 1271 4085 ἂν
1281 4034 1406 4105 pernicit-

351 4112 405 4165 bas.
421 4115 472 4167 ior.
485 4115 531 4168 cit.
541 4137 552 4157 ι
567 4113 639 4178 Quin
653 4111 777 4165 dentibus
787 4131 852 4182 quo·
894 4118 937 4180 λῃ,
952 4113 993 4165 καὶ
1008 4109 1165 4182 ὑποσποὸίσῃ
1178 4120 1210 4181 τῇ
1223 4114 1293 4183 χρόᾳ.
1305 4115 1339 4165 Η.

350 4209 403 4261 que
415 4194 582 4262 cognoscitur
592 4214 598 4243 ε
607 4210 669 4247 nem
682 4210 742 4262 quse
749 4192 851 4244 sincera
938 4210 981 4258 ¹9·
995 4192 1087 4259 Aliqui.
1103 4192 1220 4243 Dioscor.
1235 4192 1284 4244 loc.
1297 4192 1340 4244 cit.
1354 4193 1387 4243 H.
