3100 5125
460 474 622 542 moun
645 473 836 543 xxx111.
1128 483 1172 577 47

111 606 253 677 vicenis:
278 603 371 700 quod
394 592 540 677 effecit⁵¹
575 607 610 675 in
635 605 759 694 libros,
773 605 902 675 ratione
923 610 1174 700 sestertiorum,

107 788 172 843 rium
193 788 300 859 sccipe,
325 806 377 859 pro
398 788 502 841 essibus
525 786 600 841 denis
612 807 619 842 :
664 806 705 839 sus
716 798 768 848 est,
780 806 851 858 qoem
864 799 1003 858 argenteus,
1018 794 1054 844 r'te
1066 807 1095 847 ct
1105 816 1174 850 scm.

106 888 162 941 qua
177 870 285 941 antique
301 880 342 921 est
354 886 448 921 eurum
467 886 564 921 vocum
581 887 622 921 sc·
661 866 745 938 prelum
756 868 974 922 oclentsestertiis
990 874 1177 949 vioenissqccd

106 950 202 1021 ceptio,
211 962 236 1002 et
244 962 350 1003 retentu
359 966 492 1019 sempera
505 948 621 1003 romsnis
663 948 746 1015 essecit
757 952 784 999 irs
796 947 881 1013 libres,
893 954 986 1002 ntem
997 959 1172 1023 sestertiorum,

106 1029 296 1101 scriptoribus,
310 1029 339 1082 in
351 1029 442 1099 pretio
451 1028 542 1099 aliquo
551 1046 621 1087 sum·
663 1030 705 1097 qui
722 1039 779 1079 tuuc
796 1040 878 1094 ercet,
899 1034 1019 1083 satanice
1037 1034 1172 1092 DCCCC.

105 1128 176 1162 ruere
189 1106 329 1180 signando.
344 1108 417 1161 Vide
433 1110 532 1161 Autou.
550 1110 619 1179 Aug.
663 1106 752 1160 Torsit
763 1107 809 1160 hic
821 1108 911 1175 locus,
921 1110 944 1162 ei
956 1111 1095 1183 quisquam
1106 1117 1175 1172 alim

104 1190 169 1242 Dial.
180 1190 194 1241 1
210 1202 334 1241 retermu
344 1188 545 1242 numismatum.
554 1184 589 1241 ll.
662 1183 691 1238 iu
706 1196 763 1239 toto
774 1185 896 1241 Pliuicno
904 1208 998 1261 opere,
1006 1211 1174 1251 summorum

140 1269 188 1323 51.
202 1270 281 1337 Quod
288 1270 381 1336 effecit.
394 1268 507 1331 Ellecit,
517 1268 620 1338 inquit,
661 1264 782 1319 virorum
793 1266 913 1338 ingenis,
923 1287 1015 1323 eorum
1026 1277 1173 1343 presertim

104 1349 157 1402 ltere
177 1350 266 1420 major
288 1350 347 1402 ruri
370 1348 522 1411 estimatio,
544 1360 573 1399 nt
591 1348 619 1400 in
661 1345 706 1416 qui
718 1341 956 1411 deesse,soslsre
968 1355 1173 1415 nummariam·

104 1430 179 1482 libres
194 1428 255 1481 sori
272 1428 389 1499 singulus
405 1427 557 1497 respublica
576 1427 620 1481 lu·
660 1424 762 1477 lumina
774 1426 824 1477 isto
833 1438 860 1478 et
869 1430 1002 1481 anteriore
1012 1431 1107 1485 seculo
1116 1435 1174 1489 edi.

104 1509 244 1563 officeret
256 1508 392 1561 sestertios
403 1519 566 1578 nongentos,
576 1525 620 1559 so·
661 1502 768 1557 derunt
778 1506 810 1556 1n
820 1522 1062 1564 eoseseexercnere
1071 1530 1173 1583 omncs,

102 1606 159 1641 rum
170 1588 274 1641 scilicet
292 1587 475 1641 sestertiorum
491 1586 538 1657 qui
553 1598 619 1641 tuno
660 1582 737 1637 irrito
753 1582 788 1636 sd
804 1584 876 1638 hunc
884 1584 956 1639 diem
967 1603 1075 1645 conatu.
1091 1594 1174 1651 Nolle

102 1680 187 1731 eruut,
201 1669 257 1721 hoc
272 1678 327 1729 est,
344 1686 415 1720 enno
436 1666 501 1736 547,
516 1666 618 1737 quique
661 1675 699 1717 est
713 1662 910 1735 propemodum
929 1668 957 1720 in
976 1669 1027 1723 hac
1044 1675 1173 1729 sententie

34 1806 40 1823 Ι
99 1749 194 1820 jsmnlr
205 1766 289 1813 enno,
300 1760 331 1800 ut
340 1745 545 1815 diximus,537‚
556 1752 633 1817 qna-¹
660 1742 774 1813 syliebs,
794 1747 955 1815 quemlebis
972 1764 1109 1820 expertem
1122 1772 1172 1825 pu·

102 1824 617 1899 tenissssilruspermutubsntnrQuod
660 1824 757 1890 tarint,
780 1842 859 1894 quem
881 1844 937 1879 non
954 1830 1027 1882 veris
1047 1850 1172 1904 corrupe-

101 1908 283 1979 sinoogcntos
293 1907 428 1961 sestertios
440 1904 616 1978 ejuscemodi,
659 1903 727 1967 rint,
741 1913 771 1956 ut
781 1904 952 1974 corriperent.
962 1908 1018 1960 Nos
1031 1926 1060 1962 ee
1072 1908 1171 1967 intecta

100 1987 142 2059 qui
155 2000 220 2041 tnnc
240 1998 320 2040 ment
331 2024 340 2051 ‚
354 1986 453 2040 lucratu
467 1984 615 2056 respublica
658 1982 837 2053 pltneomnitt
851 1982 1171 2058 (preterquumquoslcx

99 2079 143 2131 est,
151 2068 236 2139 igitur
246 2067 477 2131 sestertiosrtto,
487 2064 615 2119 lucrstrm
658 2063 726 2133 Reg.
754 2082 769 2117 s
799 2061 861 2116 cod.
887 2065 1025 2137 alteroque
1049 2068 1169 2127 Marcelli

98 2164 150 2201 ese
168 2164 278 2201 necesse
299 2160 355 2211 est,
374 2164 467 2199 eorum
484 2146 616 2199 sestertio·
658 2140 932 2216 Cerriui,quillomte
940 2160 1084 2214 merctur„
1096 2150 1170 2222 quod

98 2246 153 2280 rum
169 2228 218 2299 qni
233 2228 312 2299 prins
326 2239 421 2292 erent,
434 2226 487 2279 hoc
499 2237 555 2289 est,
567 2226 615 2295 qni
658 2221 760 2287 effecit,
775 2246 788 2268 ι
807 2223 976 2293 scripsimus,
995 2246 1079 2299 quum
1094 2232 1170 2301 prius

97 2306 199 2361 duobus
211 2308 318 2360 essibus
335 2318 363 2359 et
379 2306 486 2359 semisse
503 2304 614 2359 testime-
661 2326 673 2349 ι
685 2300 759 2373 quod
770 2302 853 2355 efficit
867 2327 878 2350 ι
891 2304 1031 2375 legeretur,
1042 2309 1117 2378 quod
1130 2324 1170 2365 ts.

98 2387 200 2440 banttm.
216 2386 400 2441 continemur
409 2386 479 2439 enim
491 2384 519 2436 hi
530 2390 613 2451 ¹64⁰,
656 2399 718 2434 men
732 2382 816 2435 ferme
828 2382 942 2452 perinde
952 2397 1008 2448 est,
1029 2404 1060 2438 sc
1077 2406 1127 2459 per
1139 2408 1168 2444 ss

99 2468 125 2519 in
142 2467 289 2537 nongentis
309 2466 378 2531 illis,
392 2468 427 2519 ite
447 2475 526 2518 utne
543 2482 613 2517 unus
656 2449 725 2530 leve)
744 2461 792 2514 sed
815 2462 916 2515 cseteris
939 2463 1065 2535 integris,
1084 2468 1169 2539 legiti-

100 2545 202 2619 quidem
212 2559 261 2601 sut
270 2544 412 2613 desiimus
421 2556 533 2617 superet.
542 2545 613 2610 Qus·
657 2558 742 2606 mem,
763 2552 794 2593 ut
820 2560 921 2607 remor,
941 2561 1029 2614 neque
1056 2548 1168 2604 omuino

102 2647 131 2680 re
139 2628 207 2698 qood
219 2645 297 2680 nunc
309 2627 410 2680 vicenis
420 2625 543 2680 sestertiis
559 2625 613 2678 vul-
656 2620 848 2675 invendibilem
863 2622 1111 2694 interpretationem
1122 2628 1168 2683 ‹le-

99 2709 199 2779 guribus
224 2699 338 2774 (ossium
364 2706 466 2760 scilicet
494 2702 610 2758 duorum
654 2701 750 2755 dimus.
771 2699 814 2753 Ac
835 2702 951 2772 primum
980 2704 1089 2774 quidem
1115 2727 1167 2763 nee

99 2805 157 2841 eum
169 2789 297 2852 semisse,
315 2785 362 2857 qui
377 2787 464 2838 solent
475 2785 503 2838 in
516 2784 611 2856 quovis
653 2781 798 2845 Gloreuno,
809 2780 856 2834 lib.
868 2780 903 2835 (le
911 2800 979 2849 esse,
990 2803 1049 2856 cup.
1065 2803 1167 2853 17,ncc

97 2868 180 2939 pretio
194 2865 345 2922 indicendo
358 2865 495 2938 usurperi,
504 2877 534 2917 ut
545 2863 611 2917 dixi·
654 2862 816 2924 Hotomeuo,
834 2879 895 2932 psg.
911 2861 978 2928 332,
998 2864 1050 2935 legi
1063 2865 1166 2937 piscat,

97 2939 181 3014 mus),
212 2957 402 3019 permutatum
426 2943 524 2998 dicitur
552 2943 610 2996 euri
654 2945 1166 3014 tpostannumcxm.»postX!lmult0

96 3029 259 3097 suippiam,
272 3025 415 3099 quindenis
429 3037 493 3080 ente
505 3041 611 3076 neeesse
653 3021 770 3074 mellent.
786 3018 900 3073 liuderus
916 3021 964 3074 lib.
978 3024 1036 3091 111,
1051 3024 1097 3080 soi.
1116 3045 1165 3097 71,

96 3121 131 3160 est
150 3108 233 3160 luisse
247 3120 368 3160 tamtum
385 3123 392 3158 :
411 3118 441 3158 ut
460 3106 487 3156 in
508 3103 610 3174 singule
654 3119 708 3154 uon
723 3100 874 3152 «sestertiis
887 3101 1009 3154 vicenis·
1028 3105 1105 3175 legit,
1118 3105 1166 3160 sed

95 3189 210 3258 seripula
220 3187 324 3240 lucratu
334 3184 483 3256 respublica
491 3183 524 3236 sit
534 3185 612 3254 quin·
654 3179 760 3232 bisseno.
781 3179 947 3245 Pencirolos,
962 3204 974 3225 ι
988 3182 1088 3238 vicenis
1103 3187 1165 3257 qui·

94 3283 144 3336 que
154 3267 309 3330 sestertios,
323 3265 350 3316 in
364 3265 459 3329 libros,
473 3281 532 3333 quse
545 3263 618 3314 scri··
653 3259 730 3310 nis·
755 3259 820 3311 Mox
842 3259 1043 3330 Villulpundus,
1065 3265 1165 3335 «quod

93 3347 154 3416 puls
166 3343 521 3407 ²88continent,sestertios
530 3349 609 3406 1440.
654 3337 738 3391 elficit
751 3339 780 3390 in
793 3356 883 3400 senos,
897 3362 908 3385 ι
924 3357 978 3391 non
993 3366 1004 3388 ι
1017 3342 1045 3394 in
1055 3343 1160 3399 libros..

95 3425 175 3490 Quod
187 3439 280 3479 eutem
293 3425 410 3488 Plinius,
422 3424 468 3476 lib.
483 3422 609 3485 1x‚c.c,
654 3417 717 3472 Post
732 3418 869 3488 Agricola,
879 3416 926 3471 lib.
939 3419 990 3484 IV,
1005 3439 1066 3493 pug.
1082 3424 1127 3491 98,
1138 3437 1165 3480 st

94 3507 241 3577 scripulum
265 3505 339 3570 suri,
356 3517 387 3556 ut
407 3503 455 3556 lini
473 3500 609 3573 quondum
653 3515 714 3570 psg.
728 3502 858 3568 276,non
870 3523 881 3544 ι
894 3497 1026 3552 sestertios
1036 3519 1137 3570 occec,
1148 3530 1161 3553 2

94 3587 211 3656 byssini,
234 3596 418 3655 permutatum
438 3584 475 3636 sit
496 3580 610 3635 decuriis
653 3577 701 3630 sed
720 3576 880 3632 «sestertios
898 3595 1018 3645 vnccer,
1038 3582 1090 3638 hoe
1109 3597 1164 3651 est,

94 3665 248 3735 quaternis,
273 3665 319 3736 qui
340 3664 474 3717 sestertios
494 3659 608 3714 sedecim
656 3659 742 3728 5760,
761 3658 813 3728 legi
825 3657 976 3728 jobetssed
989 3677 1098 3730 pureum
1107 3665 1165 3734 qui.

94 3745 217 3798 efficiunt
227 3765 234 3796 s
244 3763 290 3798 sus
302 3757 329 3798 et
340 3745 462 3816 priorum
474 3743 609 3796 Cossorum
652 3739 703 3791 bus
713 3737 759 3790 ille
766 3736 888 3809 jusserit,
899 3750 929 3790 ut
938 3737 1051 3793 Suellins
1060 3745 1163 3814 paruit,

94 3836 216 3896 tempore
230 3825 353 3898 respicit,
367 3843 423 3895 quo
437 3821 609 3876 imminutum
653 3817 700 3873 lib.
720 3816 810 3871 delle
832 3835 935 3871 numm.
953 3837 1013 3889 pag.
1033 3823 1078 3878 30,
1094 3824 1164 3875 Leo.

94 3907 153 3956 suri
163 3905 283 3975 pretinm
298 3905 365 3968 luit,
378 3921 463 3975 quum
477 3913 543 3956 esset
556 3917 610 3952 me·
653 3897 752 3952 neruos
770 3897 892 3962 Porcius,
912 3898 960 3952 lib.
977 3897 1011 3953 de
1024 3900 1165 3969 Sestertio,

91 3985 202 4052 jessuri
215 3986 304 4058 copis,
317 4001 366 4038 nee
380 3995 520 4054 enpustum
532 3992 608 4046 esset,
653 3977 699 4031 tot.
713 3977 765 4041 13,
780 3990 807 4031 et
826 3977 951 4041 Bndseus,
963 3977 1014 4031 loe.
1032 3979 1076 4033 cit.
1094 4005 1106 4029 ι
1120 3981 1164 4036 de·

95 4077 125 4116 ur
146 4064 225 4132 olim,
245 4065 380 4120 erarium.
399 4064 436 4116 H.
453 4092 495 4104 ·-
513 4063 609 4116 Aureus
652 4059 1165 4132 neriosoooco.»llotomsnus,p.3ilc,

97 4163 199 4198 mm
216 4159 276 4218 pest
302 4163 394 4199 aserim
416 4142 498 4196 LXII
513 4159 611 4213 percm-
656 4139 814 4194 ·sestertios
828 4147 1064 4194 ermuncoocc'rrr.
1081 4167 1093 4189 υ
1108 4143 1163 4199 Jos.
