3100 5125
362 487 432 575 584
631 496 668 561 G.
694 490 863 560 PLINll
887 490 993 560 NAT.
1019 489 1148 558 HIST.

360 637 495 718 queunt.
513 623 600 692 Mire
617 622 660 692 ad
676 620 921 692 similitudinem
940 645 1106 692 accessere
1127 619 1252 705 vitrea,
1269 617 1328 688 sed
1343 643 1430 714 pro-

360 728 437 825 digii
458 728 577 814 modo,
597 743 633 796 ut
656 754 751 798 suurn
771 731 915 822 pretium
932 728 1082 798 auxerint
1099 723 1265 819 crystalli,
1282 749 1353 794 non
1371 724 1428 794 di·

361 837 548 903 minuerint.
686 903 692 921 ,
1542 919 1543 924 ¹

328 969 339 1002 1
412 943 473 1008 XI.
503 940 693 1008 Proximum
718 939 829 1033 locum
850 941 883 1008 in
911 937 1053 1023 deliciis,
1086 936 1284 1006 feminarum
1313 949 1428 1005 tamen
1542 1023 1543 1028 ἵ

270 1031 276 1040 ’
360 1045 470 1114 adhuc
497 1059 626 1114 tanturn
635 1044 659 1128 ¹,
689 1043 841 1115 succina²
867 1047 1040 1116 obtinent:
1067 1042 1283 1135 eamdemque
1313 1043 1426 1110 omnia
1542 1029 1543 1056 ¹

360 1152 449 1237 haec,
469 1175 567 1244 quarn
587 1175 741 1244 gemmas,
758 1153 987 1220 auctoritatem
1005 1175 1012 1218 :
1033 1171 1111 1218 sane
1133 1147 1292 1240 majorem
1310 1147 1425 1241 aliqui-

360 1257 421 1325 bus
440 1256 482 1324 de
504 1259 612 1327 causis
628 1255 815 1350 crystallina
836 1271 871 1326 et
890 1256 1078 1340 murrhina‚
1100 1252 1193 1348 rigidi
1216 1267 1316 1348 potus
1337 1268 1425 1322 utra·

358 1347 448 1456 que³.
470 1366 508 1428 In
526 1363 666 1432 succinis
683 1385 817 1432 causam
831 1388 880 1432 ne
899 1361 1020 1432 deliciae
1039 1359 1172 1454 quidem
1190 1359 1302 1428 adhuc
1321 1384 1423 1428 exco-

358 1468 554 1562 gitaverunt.
589 1470 729 1538 Occasio
766 1483 818 1537 est
846 1471 973 1537 vanitas
1008 1469 1201 1536 Graecorunr
1234 1463 1423 1558 diligentiae.

357 1576 522 1668 Legentes
544 1574 644 1643 modo
663 1598 755 1667 aeque
776 1575 1003 1668 perpetiantur
1022 1571 1137 1640 mede
1163 1558 1262 1639 ortul
1284 1594 1425 1654 eorum,

358 1702 461 1771 quum
480 1677 544 1747 lroc
554 1704 686 1773 quoque
699 1681 827 1748 intersit
839 1681 925 1766 vitae,
937 1680 1020 1762 scire
1033 1692 1183 1772 posteros
1200 1675 1364 1770 quidquid
1378 1675 1423 1744 illi

325 1817 339 1849 2
358 1784 534 1877 prodidere
557 1785 755 1854 mirandum.
785 1784 999 1854 Phaethontis
1023 1783 1159 1852 fulmine
1182 1769 1259 1851 icti⁵
1294 1807 1425 1851 sorores

357 1888 437 1958 fletu
455 1904 598 1959 mutatas
615 1892 650 1958 in
670 1890 805 1960 arbores
823 1889 980 1985 populos,
1000 1888 1151 1983 lacrymis
1170 1886 1331 1956 electrum
1353 1913 1421 1956 onr-

357 1995 454 2064 nibus
480 1981 598 2064 annis⁶
629 1995 768 2064 fundere
796 1996 891 2089 juxta
920 1995 1102 2064 Eridanum
1131 2018 1260 2062 amnem
1274 1993 1299 2082 ⁷,
1325 2017 1421 2088 quem

398 2222 447 2274 xl.
471 2240 495 2275 r.
520 2221 674 2273 Feminarum
693 2234 772 2272 tamea
787 2221 865 2273 dhreo
909 2221 941 2274 lis
953 2218 1072 2285 adhibet,
1081 2218 1205 2272 laudatus
1215 2237 1230 2270 a
1241 2217 1322 2272 nobis
1333 2219 1423 2288 paullo

358 2312 458 2352 tantum.
472 2300 542 2353 Hinc
551 2299 678 2366 Ovidius,
693 2301 800 2353 Metam.
816 2301 862 2352 lib.
909 2311 1001 2362 antea,
1017 2318 1076 2370 rap.
1090 2300 1117 2352 8.
1131 2299 1222 2351 Haeo.

357 2380 402 2440 11,
411 2398 478 2432 vers.
492 2380 544 2442 364
558 2399 565 2430 ε
581 2378 673 2432 «Inde
685 2378 864 2450 fluuntlucry·
950 2386 975 2443 4.
991 2378 1031 2430 De
1046 2389 1101 2430 ortu
1115 2377 1273 2430 sorum.Vet.
1285 2375 1359 2448 apud
1370 2379 1421 2437 Ds-

357 2477 420 2522 ωε,
433 2458 581 2529 stillataque
601 2459 656 2510 sole
673 2459 808 2528 rigescunt
823 2459 865 2510 De
907 2458 956 2511 lec.
968 2459 1062 2510 deortui
1073 2476 1153 2508 eorum
1166 2458 1253 2510 dicere.
1264 2455 1321 2508 En.

355 2538 436 2592 ramis
455 2539 551 2592 electra
567 2538 666 2591 noris:
682 2555 741 2609 quse
761 2535 865 2590 lucidus
949 2537 974 2591 5.
991 2538 1149 2591 Phaethontis·
1163 2537 1269 2604 subrina
1289 2538 1348 2595 icti.
1372 2549 1419 2590 etc.

356 2618 441 2671 amnis
466 2618 586 2688 Excipit,
611 2630 638 2670 et
655 2614 767 2671 nuribirs
783 2617 864 2671 mittit
907 2618 1040 2673 Nasonem
1065 2614 1144 2680 ride,
1173 2617 1225 2670 loc.
1248 2616 1293 2669 cit.
1315 2617 1352 2669 Η.

356 2694 479 2766 gatandn
490 2697 600 2749 latinis.
609 2724 621 2743 a
633 2697 724 2749 Hono.
947 2704 973 2749 6.
986 2697 1109 2767 Lorrymr's
1121 2696 1233 2748 electrum
1250 2695 1359 2747 omnibus
1374 2714 1419 2747 os·

400 2795 425 2828 a.
447 2775 559 2828 Surcr'rra.
586 2775 721 2837 Ruellius,
743 2774 777 2827 de
803 2775 863 2829 Nat.
907 2780 951 2828 nis.
976 2774 1043 2829 Inde
1068 2776 1223 2846 lacrymosum
1245 2775 1364 2846 Virgilio
1393 2776 1419 2827 in

355 2854 430 2923 stirp.
444 2854 491 2906 lib.
509 2856 537 2917 1,
560 2873 621 2926 cap.
643 2854 693 2923 39,
709 2872 770 2924 pag.
787 2856 862 2906 115:
907 2854 981 2919 Ciri,
1008 2876 1019 2897 s
1034 2855 1094 2908 Nun
1107 2872 1151 2907 me
1163 2854 1267 2907 deliciis
1275 2855 1418 2907 commorit

358 2958 371 2980 ι
388 2933 530 2987 Succisum
542 2945 640 2985 nostras
653 2932 780 2995 officinas,
792 2951 864 2985 rurs·
906 2932 1059 3005 regisdires
1068 2933 1174 2987 Coralio
1188 2933 1274 3005 t'rsgili
1284 2952 1315 2987 ac
1323 2934 1418 2987 electro

354 3013 557 3084 que,etrulgus
566 3011 728 3065 medicorum
737 3011 862 3064 Ambram
906 3012 1063 3083 lacrymoso.
1079 3039 1091 3059 ι
1116 3013 1240 3084 Orpheus
1262 3031 1372 3083 quoque
1392 3013 1418 3065 in

354 3106 451 3145 vocant
464 3092 586 3144 citrinsrn
602 3110 608 3143 :
625 3090 767 3144 Mauritsni
780 3090 863 3142 Korn·
906 3090 1093 3161 Argonauticis
1114 3094 1217 3162 αἵγιιρον
1236 3094 1419 3157 πολύκλαυςον,

355 3170 391 3222 be.
401 3172 512 3224 Gestant
521 3182 616 3223 nostres
625 3170 749 3224 mulieres
758 3168 862 3223 decoris
906 3172 1039 3241 populum
1053 3172 1226 3241 lacrymosam
1239 3183 1329 3235 vocat,
1346 3169 1417 3243 qnod

355 3249 584 3320 csum,quaedam
595 3250 736 3302 monilium
768 3250 826 3301 rice
853 3268 860 3303 :
905 3252 1056 3314 succinum,
1076 3250 1171 3322 populi
1190 3254 1246 3303 esse
1273 3252 1416 3323 lacrymam

353 3330 410 3381 alias
422 3329 556 3381 orbiculos
567 3348 598 3381 ex
614 3348 646 3381 eo
659 3329 793 3391 efficiant,
804 3328 862 3399 qut-
905 3330 1085 3383 arbitraretur.
1097 3330 1167 3383 Das.

352 3409 402 3461 bus
416 3426 476 3461 suas
496 3426 587 3477 preces
606 3420 756 3461 numerant.
770 3433 782 3455 ι
803 3408 861 3460 ati·
946 3422 973 3472 7.
988 3409 1065 3461 Jrrsta
1085 3409 1220 3461 Eridanum
1237 3428 1338 3461 amnem.
1359 3410 1415 3463 Eri·

351 3487 509 3540 resomuino
518 3500 569 3551 est,
579 3505 659 3558 quam
670 3487 796 3539 ambram
808 3487 861 3556 gri-
904 3485 1004 3545 danus,
1020 3488 1043 3539 lc
1059 3488 1190 3553 lindonae,
1210 3488 1296 3541 amnis
1316 3500 1356 3541 est
1373 3488 1416 3559 qui

233 3586 236 3589 ⁴
351 3585 422 3619 seam
437 3567 561 3618 vocitant.
579 3566 860 3619 tt.-Snctm.s=1c·
904 3566 933 3618 in
952 3567 1053 3621 larum
1067 3568 1183 3620 Vistula
1202 3568 1300 3621 ostium
1315 3567 1414 3627 influit.

351 3645 455 3710 einum,
472 3647 494 3697 le
506 3647 595 3708 succis,
607 3646 707 3697 l'ombrs
715 3648 806 3714 jarras,
819 3645 860 3697 bi·
905 3658 930 3699 et
941 3648 1033 3699 urbem
1042 3646 1166 3699 Dantzicl
1173 3647 1257 3701 alluit.
1269 3647 1311 3698 lbi
1324 3664 1416 3716 magns

352 3726 460 3778 tuminis
485 3744 568 3794 genus
589 3737 646 3778 est:
672 3726 759 3778 Suesia
785 3744 860 3775 mam·
904 3726 1005 3777 succini
1019 3726 1093 3795 copis
1129 3729 1160 3779 At
1175 3744 1260 3797 quum
1273 3726 1418 3779 Germano·

353 3804 476 3868 melonne',
519 3804 660 3867 celluleuc,
705 3803 857 3871 insertijure,
903 3822 964 3856 runs
977 3804 1121 3870 Eridanus,
1139 3804 1357 3858 erodannsreet
1371 3806 1417 3857 Pa·

350 3894 401 3935 etc.
415 3884 468 3935 Eo.
904 3879 953 3935 dus
961 3884 1221 3955 appellatusquoque
1233 3884 1267 3936 ub
1279 3884 1353 3936 Italis
1362 3884 1417 3935 Eri-

392 3963 418 4015 3.
432 3963 518 4030 aigin
526 3975 598 4031 potus
613 3974 721 4031 utroque.
735 3961 778 4015 Sic
794 3962 857 4015 libri
903 3960 988 4015 danus
1003 3962 1203 4017 similitudinem
1218 3964 1361 4017 nominum
1373 3964 1417 4015 lra-

350 4057 460 4091 omnes:
477 4042 527 4093 lroc
539 4054 591 4102 est,
610 4040 708 4112 frigidi.
720 4042 822 4093 Tamen
832 4053 859 4095 et
903 4043 995 4106 beatu,
1010 4040 1073 4095 inde
1087 4056 1155 4103 natas
1166 4054 1206 4095 tot
1220 4042 1315 4095 fabula
1323 4040 1359 4094 de
1369 4060 1415 4113 ps·

349 4115 382 4169 sd
398 4116 496 4171 calidos
510 4132 590 4191 potus
599 4120 737 4173 murrhina
749 4121 858 4175 Martis·
903 4119 952 4173 tris
962 4132 988 4173 et
998 4120 1102 4192 origine
1112 4121 1221 4176 succini.
1231 4122 1319 4175 Bsor.
