3100 5125
366 525 434 620 578
534 519 538 527 ’
627 527 667 592 c.
689 521 859 590 aurun
885 520 992 588 uas.
1019 519 1148 586 mss.

363 661 459 729 torio.
480 654 645 751 Splendor
662 655 716 723 his
732 655 802 726 sine
821 639 965 733 uirilius⁵
982 678 989 719 :
1009 653 1162 745 nitorque
1180 652 1308 736 verius,
1327 675 1426 745 quarn

364 764 529 860 splendor.
544 761 608 832 Sed
629 761 662 828 in
675 761 781 854 pretio
793 760 934 827 varietas
950 757 1112 839 colorum,
1125 757 1262 826 subinde
1280 759 1425 826 circum·

364 869 537 965 agentibus
573 891 609 936 se
635 863 772 934 maculis
802 867 834 932 in
872 887 1053 958 purpuram
1085 863 1353 957 candoremque,
1396 877 1428 930 et

364 978 497 1046 tertium
526 998 568 1041 ex
592 987 734 1065 utroque
760 974 1003 1065 ignescentem,
1038 968 1140 1038 veluti
1165 995 1223 1064 per
1252 961 1425 1036 transitum

364 1081 500 1165 coloris,
531 1081 565 1146 in
598 1062 776 1172 purpura⁶,
797 1090 856 1145 aut
881 1077 1078 1144 rubescente
1107 1073 1223 1144 lacteo.
1256 1077 1342 1144 Sunt
1373 1077 1428 1168 qui

363 1188 506 1257 maxime
522 1185 557 1252 in
575 1185 614 1252 iis
636 1182 771 1251 laudent
788 1185 1025 1268 extremitates,
1044 1196 1078 1251 et
1098 1181 1257 1274 quosdam
1279 1179 1428 1250 colorum

280 1353 289 1364 ,
362 1315 590 1389 repercussus,
613 1287 727 1382 quales
746 1290 779 1358 in
801 1287 920 1364 caelesti
945 1312 1024 1358 arcu
1051 1301 1254 1382 spectantur.
1273 1288 1334 1355 llis
1357 1309 1429 1354 ma·

362 1398 444 1468 culae
463 1399 600 1496 pingues
618 1393 771 1489 placent:
790 1393 992 1464 translucere
1006 1393 1198 1487 quidquam,
1214 1407 1273 1462 aut
1289 1390 1429 1486 pallere,

361 1507 477 1573 vitium
492 1517 550 1571 est.
571 1506 655 1569 ltem
675 1499 776 1582 sales,
788 1525 1001 1594 verrucaeque
1016 1524 1084 1568 non
1099 1501 1303 1580 eminentes,
1321 1497 1379 1566 sed
1394 1513 1430 1565 ut

360 1613 393 1678 in
414 1634 555 1703 corpore
576 1607 674 1675 etiam
688 1605 883 1701 plerumque
901 1604 1056 1676 sessiles⁷.
1077 1590 1211 1698 Aliqua⁸
1229 1605 1312 1674 etin
1327 1603 1429 1673 odore

360 1714 609 1786 commendatio
627 1727 686 1781 est.

328 1853 340 1888 ι
413 1823 473 1889 lX.
504 1820 680 1889 Contraria
702 1817 782 1886 huic
803 1841 901 1888 causa
922 1815 1113 1912 crystallum
1136 1814 1247 1902 facit¹,
1270 1813 1349 1910 gelu
1370 1839 1427 1882 ve·

359 2014 431 2066 riore
451 2029 511 2081 cap.
532 2009 657 2062 attributa
679 2019 736 2071 est,
758 2033 769 2054 ι
784 2007 871 2078 capaci
920 2008 1053 2062 traherent
1072 2027 1202 2080 saporem.
1221 2010 1368 2074 Martialis,
1383 2013 1429 2067 lib.

359 2093 440 2164 plane
452 2088 486 2143 ad
506 2087 630 2141 sextarios
643 2100 697 2139 tres
710 2086 824 2138 calice.»
839 2086 873 2140 Η.
920 2088 999 2149 xltt,
1031 2088 1115 2159 epigr.
1143 2091 1215 2154 113,
1242 2076 1286 2144 eui
1311 2092 1428 2146 lemma:

403 2172 430 2225 5.
439 2169 498 2221 Sine
508 2169 609 2220 utribus.
620 2167 713 2235 Neque
719 2165 790 2217 euim
799 2180 875 2228 erant
922 2191 934 2213 ι
949 2167 1087 2236 Myrrhina
1099 2189 1105 2219 ι
1117 2165 1145 2220 Si
1157 2169 1272 2222 calidum
1289 2184 1379 2241 potas,
1390 2191 1430 2226 ar·

360 2245 533 2311 translucida,
540 2247 591 2299 nisi
600 2247 680 2308 torte,
690 2257 720 2296 ut
729 2244 810 2297 Plinii
819 2265 876 2298 ver·
919 2244 993 2299 denti
1005 2247 1112 2318 myrrha
1122 2247 1234 2301 Falerno
1244 2251 1378 2304 Convenit
1389 2270 1396 2303 :
1406 2263 1430 2304 et

361 2331 404 2382 his
414 2340 485 2391 utar,
491 2327 618 2380 crassiore
624 2325 697 2388 visu;
708 2341 759 2376 nos
766 2325 876 2396 proprie
919 2325 1016 2380 melior
1029 2325 1060 2378 fit
1072 2345 1150 2398 sapor
1160 2323 1222 2381 inde
1233 2348 1316 2382 mero.
1332 2355 1344 2377 ι
1364 2331 1400 2382 Η.

362 2407 492 2471 dicimus,
505 2409 749 2474 urst-nummu.
762 2403 814 2456 En.
958 2406 1008 2458 lx.
1028 2423 1052 2458 t.
1068 2405 1198 2458 Contrurs'u
1219 2409 1274 2460 luris
1288 2429 1362 2462 causa
1378 2429 1430 2480 ery-

403 2491 430 2540 6.
449 2487 481 2538 Ia
500 2505 618 2555 purpure.
633 2484 723 2553 Quum
740 2483 874 2535 snurrlrini
918 2484 1097 2550 stallumsaes't.
1110 2485 1151 2539 Ad
1162 2488 1273 2540 verbum
1283 2488 1341 2542 hec
1350 2488 1431 2542 isido-

362 2586 423 2621 urea
444 2566 486 2619 rel
505 2582 639 2637 purpurea
660 2562 711 2627 sit,
735 2561 778 2614 rel
799 2562 876 2617 lactei
918 2583 979 2629 rus,
995 2566 1046 2619 loc.
1060 2566 1106 2618 cit.
1122 2566 1155 2619 lit
1168 2584 1225 2638 cap.
1241 2587 1295 2624 xus
1310 2591 1318 2620 ι
1335 2596 1347 2616 ι
1362 2570 1428 2641 Cry-

362 2645 460 2700 roloris
471 2645 552 2699 simul
564 2662 594 2697 ac
607 2642 777 2696 rubescentis.
790 2643 826 2695 Η.
836 2674 875 2685 -
918 2643 1011 2697 stallus
1020 2644 1191 2716 resplendens
1201 2660 1227 2699 et
1235 2666 1350 2718 aquosus
1358 2649 1430 2701 colo·

363 2728 578 2797 Inpurpura,uut
589 2723 723 2775 rubescente
734 2722 820 2773 lacteo.
832 2722 876 2775 sie
918 2742 956 2777 re.
978 2722 1107 2779 Traditur
1129 2725 1204 2797 quod
1225 2726 1272 2779 nix
1295 2728 1329 2780 sit
1348 2728 1430 2798 glacie

364 2805 550 2861 MSS.omnes.
560 2802 633 2856 Editi
642 2815 778 2872 corrupte,
791 2826 802 2847 ι
813 2820 876 2873 pur·
919 2801 1013 2856 durata
1026 2821 1076 2874 per
1089 2822 1184 2858 annos.
1198 2804 1278 2858 Unde
1294 2819 1320 2859 et
1332 2826 1429 2859 nomen

364 2902 432 2955 pura
447 2884 617 2944 rubescente,
637 2894 682 2933 aut
697 2880 765 2933 lacte
779 2879 874 2933 cande·
919 2882 943 2935 ei
959 2882 1046 2935 Greci
1061 2881 1167 2937 dedere.
1183 2884 1306 2939 »Statius
1321 2887 1386 2939 item
1400 2888 1427 2939 in

364 2977 464 3017 scente.
477 2987 489 3010 ι
498 2961 632 3023 Isidorus,
643 2960 691 3035 qui
701 2960 774 3011 hunc
787 2958 876 3013 locum
918 2960 1096 3032 Epithalamio
1105 2962 1206 3016 Stellae:
1221 2990 1233 3012 ι
1244 2966 1367 3037 Raraque
1377 2967 1430 3019 lon-

365 3042 476 3096 totidem
500 3041 601 3112 alioqui
621 3039 711 3091 verbis
731 3039 874 3109 expressit,
918 3042 997 3111 gravis
1020 3041 1126 3097 nivibus
1153 3044 1275 3113 crystalla
1299 3046 1392 3114 gelasi.
1415 3072 1425 3091 ι

364 3140 442 3175 voces
461 3139 504 3174 eas
523 3120 634 3192 omnino
653 3117 775 3188 neglexit.
794 3144 806 3166 ι
820 3120 876 3171 Va·
919 3122 1017 3174 Seneca
1040 3121 1158 3191 Natural.
1181 3138 1272 3193 quaest.
1300 3124 1349 3177 lib.
1373 3125 1429 3185 111,

364 3202 525 3272 rietasejus,
535 3199 637 3270 inquit,
649 3198 727 3268 Orig.
737 3198 787 3249 lib.
799 3198 875 3261 XVI,
919 3218 978 3269 cap.
1002 3198 1036 3253 25
1052 3217 1059 3253 :
1078 3226 1089 3247 ι
1106 3200 1173 3265 Quis
1188 3222 1243 3255 non
1266 3205 1430 3275 gravissimas

364 3300 425 3352 cap.
438 3298 487 3345 η,
507 3280 536 3331 in
556 3296 702 3350 purpuram
719 3275 875 3330 eandorem·
919 3296 974 3331 esse
989 3296 1069 3349 aquas
1086 3278 1191 3347 credat,
1204 3300 1263 3353 quas
1279 3284 1306 3335 iu
1321 3283 1429 3353 crystal-

364 3377 434 3431 que,
452 3372 479 3411 et
495 3357 602 3428 ignem,
628 3375 690 3410 cum
714 3356 875 3426 quibusdam
918 3357 974 3411 lum
996 3358 1112 3412 coeunt?
1136 3358 1236 3414 Contra
1256 3375 1346 3415 autem
1366 3376 1427 3416 est:

364 3439 485 3493 colorum
507 3436 764 3507 repercussionibus,
787 3436 878 3508 quales
919 3438 1079 3491 tenuissimis
1092 3438 1162 3491 enim
1178 3440 1230 3493 hoc
1247 3442 1352 3507 evenit,
1365 3461 1429 3512 quas

365 3520 393 3572 in
406 3517 504 3571 celesti
516 3527 745 3588 arcuspectantur.
761 3541 772 3562 ι
788 3516 822 3569 ll.
837 3546 875 3559 -·
915 3516 1000 3587 ,frigus
1007 3519 1042 3570 ob
1049 3518 1131 3589 ipsam
1139 3520 1294 3574 tenuitatem
1305 3522 1429 3574 facillime

364 3600 556 3668 Igneseertsss...
571 3599 597 3647 irs
612 3615 731 3666 purpura.
748 3595 821 3647 Brut.
843 3612 875 3647 ex
918 3596 997 3667 gelat.
1022 3596 1100 3650 Unde
1124 3610 1210 3651 autem
1233 3600 1279 3653 list
1299 3598 1428 3671 ejusmodi

364 3676 444 3730 MSS.
463 3677 545 3746 Regg.
563 3696 593 3740 a,
612 3674 645 3738 3,
662 3674 695 3737 5,
713 3677 748 3737 6,
763 3686 790 3726 et
810 3672 873 3725 edit.
916 3675 999 3746 lapis,
1010 3675 1082 3747 ppud
1093 3677 1201 3731 Grecos
1209 3697 1242 3732 ex
1252 3680 1310 3750 ipso
1321 3681 1429 3733 nomine

365 3755 637 3825 princ.«iguescente,
644 3753 726 3807 veluti
734 3771 784 3822 per
794 3764 876 3807 traus-
918 3768 1036 3827 apparet.
1054 3757 1193 3827 Κρύςαλλον
1209 3758 1281 3811 enim
1295 3760 1429 3829 appellant

363 3837 430 3889 itum
445 3834 554 3896 coloris,
572 3850 700 3904 purpura.
716 3858 727 3877 ·
742 3833 794 3883 En.
918 3853 992 3906 seque
1013 3834 1087 3889 hunc
1104 3835 1273 3907 perlucidum
1294 3837 1428 3909 lapidem,

402 3934 429 3985 7.
443 3913 549 3967 Sessiles.
563 3914 707 3983 Depressu.
721 3912 814 3964 lisan.
918 3932 997 3986 quam
1017 3915 1088 3969 illam
1107 3918 1234 3987 glaciem,
1250 3936 1282 3971 ex
1300 3937 1351 3990 qua
1371 3920 1428 3971 lieri

402 3998 431 4049 tt.
446 3994 540 4064 Aliqua
551 4004 576 4045 et
589 3997 613 4043 in
628 3993 709 4044 odon.
723 3991 746 4042 Ε
760 3990 874 4045 murrhi·
917 3994 1055 4059 creditur,
1079 4008 1129 4049 etc.
1143 4021 1155 4044 ι
1173 3998 1284 4051 Basilius
1305 4016 1428 4070 quoque,

359 4073 401 4125 nis
414 4073 549 4144 calycihus
567 4072 626 4123 vina
640 4072 769 4141 potabant
780 4109 788 4136 ,
799 4068 872 4143 quod
916 4074 1010 4126 homil.
1031 4076 1089 4139 ΙΙΙ,
1107 4075 1135 4129 in
1155 4076 1279 4131 lienem.
1299 4096 1358 4149 pag.
1383 4078 1427 4138 34.

357 4153 455 4207 exilio
477 4152 545 4206 vasis
563 4170 660 4221 genere
679 4150 819 4221 gratiorem
840 4170 870 4205 ea
915 4152 1050 4208 Diodorus
1075 4154 1193 4221 Siculus,
1219 4157 1290 4210 Bibl.
1314 4157 1362 4211 lih.
1385 4158 1430 4219 11,
