3100 5125
455 482 608 550 LIBER
631 481 822 550 XXXIII.
1103 481 1168 555 125

99 630 233 685 statuam
256 638 265 679 :
291 616 374 683 item
393 600 617 684 Mithridatis⁴
635 616 833 709 Eupatoris,
857 628 891 683 et
909 639 1026 685 currus
1050 640 1168 687 aureos

25 771 27 814 ,
98 734 351 815 argenteosque.
366 723 550 815 Argentum
564 706 730 791 succedit⁵
741 720 918 816 aliquando
927 736 961 790 et
973 745 1071 809 auro,
1086 722 1164 793 luxu
1184 768 1199 799 2

24 823 25 832 ’
97 828 297 897 seminarum
321 825 429 922 plebis
447 818 623 923 compedes
642 827 702 896 sibi
719 852 761 895 ea
782 852 822 896 eo
842 814 1067 910 facientium⁶,“
1082 854 1164 924 quas

95 932 226 1001 induere
251 956 379 1003 aureas
402 957 475 1003 mos
496 932 624 1003 tritior⁷
642 946 741 1002 vetat
755 920 926 1003 Vidimus⁸
942 949 976 1003 et
993 936 1055 1029 ipsi
1076 935 1164 1005 Arel-

94 1037 195 1107 lium⁹
213 1040 373 1109 Fuscum
401 1033 567 1127 (motum
590 1041 734 1135 equestri
761 1039 897 1127 ordine,
926 1042 970 1109 ob
1002 1042 1162 1135 insignem

94 1144 318 1232 «alumniam,
339 1142 690 1241 quum-celebritate¹⁰
712 1160 957 1216 assectarentur
981 1146 1165 1217 adolescen-

94 1252 168 1319 tium
181 1242 363 1343 scholae),
381 1277 422 1321 ex
440 1266 579 1347 argento
591 1250 709 1322 anulos
724 1252 911 1321 habentem.
932 1255 977 1321 Et
997 1252 1076 1348 quid
1094 1254 1165 1323 haec

93 1360 204 1427 attinet
236 1356 422 1453 colligere,
442 1383 544 1453 quum
570 1356 681 1454 capuli
712 1357 910 1442 militum¹¹,
931 1358 1031 1432 ebore
1062 1361 1161 1429 etiam

96 1579 123 1633 tis
145 1598 211 1633 arus
235 1580 305 1634 tuit.
332 1580 476 1651 Eleganter
497 1580 608 1647 Seneca,
655 1580 800 1650 Quiritium,
818 1578 892 1633 haud
911 1580 973 1633 satis
985 1580 1106 1633 consulto
1122 1598 1162 1633 re·

96 1658 330 1731 ep.uxxvasr,de
338 1660 465 1713 statuisin
472 1661 609 1732 triumpho
653 1677 752 1729 ponere
766 1673 905 1714 conantur.
928 1661 968 1713 De
984 1658 1160 1731 compedibus

96 1739 239 1795 translatiss
258 1766 273 1787 ·
285 1740 429 1813 sacrilegis
440 1740 542 1795 minuta
559 1759 609 1813 pu·
652 1738 685 1793 iis
695 1738 812 1809 egimus,
825 1758 849 1793 c.
864 1758 908 1793 aa.
920 1739 1013 1794 lirun.

97 1820 209 1885 riantur,
225 1838 329 1891 magna
351 1820 379 1871 in
403 1820 547 1891 triumphis
568 1821 610 1873 ie·
693 1817 1163 1889 8.Vidimus.·VidimusetipsiArel·

96 1912 191 1951 rantur.
207 1926 220 1945 -
235 1898 332 1952 Hann.
653 1898 748 1951 lium...
770 1917 801 1951 ex
819 1912 928 1971 argento
950 1899 1044 1953 anulos
1062 1898 1162 1951 baben·

132 1986 156 2042 4.
182 1980 250 2031 Item
277 1979 429 2033 Mithridatis
457 1980 607 2051 Eupatoris,
653 1989 719 2040 tem,
733 2003 744 2025 ι
759 1997 842 2050 quum
859 1996 953 2032 aureos
967 1977 1162 2043 fastidiret,is·

99 2071 210 2111 etcarrus
224 2078 331 2121 num,
350 2072 402 2112 ete.
424 2061 539 2113 Auream
555 2060 608 2111 Mi·
653 2058 786 2111 minarum
799 2076 881 2111 more.
896 2056 985 2113 liano.

100 2137 217 2193 tbn‘dstis
235 2149 350 2192 statuam
374 2152 437 2193 octo
457 2140 607 2193 cubitorum
693 2155 720 2206 9.
730 2138 860 2191 Arellium.
878 2136 927 2191 llic
946 2140 1002 2211 ejus
1017 2138 1109 2193 Arellii
1128 2138 1161 2193 li-
1251 2186 1254 2192 .

100 2218 273 2290 intriumpbo
280 2219 402 2289 Pompeii
412 2218 608 2284 latam,auctor
651 2216 717 2282 lius,
732 2236 811 2288 quern
826 2218 860 2283 Q.
875 2218 989 2271 Fuscum
1004 2218 1102 2273 Seneca
1115 2242 1160 2295 pa·

100 2312 132 2351 est
143 2299 308 2369 Appianas,
323 2299 352 2351 in
364 2298 485 2352 Mithrid.
499 2317 527 2370 p.
543 2300 606 2353 aba.
651 2309 701 2361 ter,
713 2297 806 2350 Goutr.
821 2297 852 2360 1,
870 2314 896 2367 7,
909 2316 936 2367 p.
959 2317 1006 2366 91,
1016 2301 1159 2375 multisque

99 2376 217 2449 Ejusdem
245 2378 357 2431 alteram
385 2396 476 2431 senum
505 2378 606 2450 pedum
649 2376 708 2428 aliis
717 2377 782 2429 locis
793 2376 921 2429 Arellium
931 2376 1044 2431 Fuscum
1055 2391 1161 2449 patrem

101 2458 267 2510 exhibitam
284 2457 414 2522 Lucullo,
431 2458 606 2513 Plutarcb.in
649 2456 785 2525 appellat,
817 2468 843 2508 et
876 2456 1020 2509 rhetorem.
1057 2458 1158 2516 laurum

100 2538 147 2608 ejus
156 2538 226 2600 rita,
241 2557 272 2610 p.
285 2537 352 2592 516.
368 2537 459 2591 lirun.
649 2533 738 2601 hunc,
748 2552 839 2608 quem,
848 2535 885 2588 uti
896 2534 1041 2600 edidimus,
1054 2535 1090 2591 its
1101 2542 1160 2615 typi

133 2617 435 2688 tuumdtuttqmdo.
445 2618 565 2672 Gronov.
580 2633 607 2674 et
650 2634 743 2671 omnes
759 2615 985 2688 manuscriptique
1002 2615 1106 2674 codices
1120 2641 1161 2675 re·

102 2698 137 2750 st.
145 2696 246 2750 additis
258 2695 364 2750 duabus
378 2698 608 2763 vocationum
649 2707 825 2766 presentant,
839 2707 869 2748 ut
884 2695 1043 2761 enodareut,
1062 2697 1159 2756 frustm

102 2797 126 2828 α
138 2798 163 2829 re
176 2780 240 2847 clip
251 2779 306 2830 En.
649 2773 813 2828 desudarunt
838 2775 985 2840 Brrbarns,
1008 2776 1157 2846 Piutiauus,

134 2861 159 2909 fi.
174 2858 249 2910 Luxu
259 2858 409 2925 fiminsrum
421 2857 498 2926 plebis
513 2878 607 2928 cotape-
649 2853 815 2918 Gronovius,
832 2855 937 2908 sliiuut.
958 2856 1014 2909 Nos
1032 2867 1059 2910 et
1077 2858 1158 2914 iuter·

101 2937 136 2987 da
146 2937 194 2990 sibi
207 2959 238 2988 es
253 2958 282 2988 eo
288 2938 449 3005 ficientium,
467 2957 538 3008 quaa,
555 2951 605 2992 etc.
648 2935 792 3005 punctione
810 2934 868 2987 loco
884 2932 1021 2999 adbibita,
1036 2949 1062 2990 et
1072 2939 1156 2992 inter·

102 3015 261 3088 compedem
270 3018 420 3070 calceorum
430 3031 552 3070 ornatum
562 3037 607 3072 vo·
648 3015 796 3085 pretatione
821 3013 949 3085 simplici,
975 3016 1102 3086 planum,
1127 3033 1156 3074 ut

101 3109 151 3160 eat,
171 3097 238 3169 qui,
252 3109 283 3148 ut
301 3098 329 3148 in
351 3095 457 3148 feminis
477 3099 607 3167 equestris
649 3090 758 3164 quidem
773 3094 1007 3157 munierimus.
1024 3097 1113 3152 Hsnn.

99 3175 194 3229 ordinis
205 3195 303 3228 aureus
318 3176 384 3238 fuit,
403 3193 484 3246 supra
498 3195 557 3246 cap.
572 3177 606 3240 3,
691 3191 731 3227 ro.
745 3173 826 3242 Quum
838 3173 973 3226 celebritate
985 3189 1158 3231 assectarentur

100 3255 133 3308 sie
143 3255 257 3327 plebeiis
265 3268 422 3326 argenteus,
432 3275 498 3309 auro
510 3256 563 3309 illis
572 3256 607 3310 ad
649 3253 790 3306 adolescent.
802 3253 953 3318 sclwloe,etc.
965 3256 1073 3326 Quippe
1082 3258 1155 3329 quod

100 3352 155 3388 eum
163 3336 257 3388 lusum
267 3354 323 3388 non
333 3336 468 3406 permisso.
479 3338 546 3388 un.
647 3334 754 3386 turbam
779 3331 986 3387 adolescentium
1021 3335 1154 3406 ingentem

135 3434 162 3485 7.
174 3415 230 3468 Mos
246 3420 326 3467 tritior
342 3427 420 3466 aetat.
433 3414 465 3469 Id
479 3428 532 3475 est,
550 3418 604 3487 jam
650 3412 833 3483 traheret,qui
844 3430 905 3466 eum
918 3414 946 3466 in
956 3414 1053 3468 scholis
1064 3415 1156 3471 nudie·

103 3495 233 3565 vulgatus,
252 3508 279 3548 et
300 3495 399 3566 passim
413 3507 543 3567 receptus.
560 3497 606 3548 In·
647 3493 732 3544 baut:
754 3491 799 3544 bic
814 3493 956 3546 comitatus
973 3494 1023 3547 luit
1036 3495 1060 3548 ei
1078 3515 1156 3552 cauas
1253 3545 1254 3548 ,

101 3575 154 3628 nuit
174 3586 311 3647 argenteas
331 3573 474 3644 compedes
492 3595 507 3628 a
527 3575 606 3646 plebe
648 3571 759 3642 insignis
772 3571 919 3625 calumnias.
933 3574 1024 3628 Hann.

100 3668 218 3722 gestatas,
230 3673 313 3725 quum
327 3656 383 3723 jam
399 3672 483 3707 auree
495 3652 606 3708 fastidiri
693 3669 735 3703 ιι.
747 3652 827 3720 Quum
837 3653 918 3720 capuli
924 3655 1034 3717 militum,
1042 3667 1092 3708 etc.
1102 3657 1157 3710 Pri·

100 3736 247 3805 cepissent,
265 3751 388 3804 perversa
413 3733 532 3798 luxuria,
550 3737 604 3805 jam
648 3730 685 3783 sci
699 3731 794 3783 heroes
802 3730 903 3800 gladios
913 3732 1063 3787 babuerunt
1077 3737 1166 3789 elaris·

100 3811 157 3864 trito
174 3827 263 3868 umen
279 3826 305 3866 et
320 3813 473 3884 pervulgato
486 3833 568 3867 more.
582 3815 604 3864 Α
648 3811 779 3881 argenteis
788 3811 912 3864 coulixos.
920 3813 1029 3866 Homer.
1042 3814 1117 3868 lliad.
1126 3817 1157 3882 B,

100 3890 172 3946 MSS.
197 3893 391 3963 exemplaribus
414 3911 469 3945 non
495 3891 603 3946 discedi·
648 3888 681 3944 de
691 3883 980 3962 Agamemnone,.lppl
991 3888 1018 3944 δ’
1030 3894 1069 3963 dp'
1082 3895 1156 3964 ὤμοι·

100 3987 169 4035 mns‚
185 3993 253 4046 quos
273 3972 407 4044 negligere
435 3971 560 4027 videntur
584 3973 603 4026 ii
647 3991 684 4024 σιν
700 3971 790 4036 fluitare
805 3971 868 4040 ξίφος
880 3974 1031 4043 ἀργυρόηλον.
1042 3974 1156 4026 Dar..-

101 4052 142 4120 qui
152 4053 192 4106 rel
204 4073 253 4106 nos
261 4055 368 4117 tristior,
381 4051 455 4124 quod
467 4073 547 4107 nemo
561 4054 603 4106 iu-
648 4051 779 4104 Fastidito.
794 4050 878 4105 Grou.
895 4065 920 4108 et
935 4051 976 4104 Al.
994 4063 1054 4106 ante
1073 4051 1157 4108 llard.

101 4130 256 4202 alligatae!
265 4134 602 4204 mspatriemrum,velmes
641 4131 755 4196 fastida.
769 4130 820 4182 En.
