3100 5125
478 521 631 588 LIBER
662 517 818 588 XXXV.
1108 514 1177 586 363

119 656 223 720 Parva
240 667 275 722 et
286 649 436 720 Callicles
451 651 549 721 fecit⁹
562 678 569 718 :
580 654 659 721 item
671 648 810 720 Calades
820 648 843 674 ¹⁰
858 646 1017 718 cominis¹'
1037 648 1176 718 tabellis:

120 773 257 852 utraque
273 756 504 852 A·ntipl1ilus¹².
523 755 609 826 Nam
624 773 658 826 et
672 759 850 826 Hesionam
860 741 882 780 ¹³
897 753 1040 824 nobilem
1058 757 1180 848 pinxit,

120 878 152 930 et
163 863 390 932 Alexandrum
410 887 449 931 ac
472 861 659 957 Philippum
678 887 754 932 cum
774 863 944 943 Minerva,
968 862 1023 990 (pri
1045 875 1122 929 sunt
1146 863 1179 928 in

120 969 229 1037 schola
246 970 280 1037 in
296 970 442 1037 Octaviae
459 970 640 1062 porticibus
651 958 675 1001 ¹⁴
691 995 698 1037 :
716 982 750 1036 et
766 969 800 1036 in
820 965 976 1061 Philippi¹
994 1021 1003 1051 ,
1022 968 1178 1036 Liberum

121 1089 268 1167 patrem,
285 1073 508 1143 Alexandrum
529 1101 685 1168 puerum,
708 1071 924 1167 Hippolytum
945 1089 1040 1142 tauro
1061 1075 1180 1141 emisso

122 1195 390 1273 expavescentem
410 1205 418 1248 :
438 1182 473 1248 in
487 1183 643 1276 Pompeia
651 1163 675 1204 ¹⁶
694 1205 774 1248 vero
787 1179 948 1250 Cadmum
964 1192 998 1246 et
1011 1181 1179 1272 Europen.

120 1284 211 1354 Idem
218 1286 336 1378 jocoso
346 1285 635 1381 nomineGryllnm
650 1286 776 1355 ridiculi
789 1283 1180 1379 habituspinxit¹⁷.Unde
1199 1298 1215 1350 3

161 1474 187 1522 9.
200 1453 284 1505 Paroa
298 1465 323 1504 et
340 1453 453 1505 Callicles
462 1455 534 1522 serit.
553 1453 627 1507 Idem
668 1458 758 1528 placit.
773 1451 962 1506 Laomedontia
974 1453 1055 1506 liliam
1065 1492 1073 1516 ,
1083 1454 1182 1508 Priami

122 1532 234 1586 fortassis
246 1545 272 1584 ct
280 1532 358 1585 lictor
369 1533 545 1603 Beguensis,
555 1539 630 1605 cujtu
672 1551 803 1588 sororem.
817 1533 933 1586 Consule
950 1533 1133 1603 mythologos,
1155 1548 1181 1588 et

123 1630 201 1684 opera
214 1611 357 1664 laudantur
370 1613 397 1664 in
410 1613 525 1682 primisa
538 1614 630 1667 Pansa·
672 1614 827 1676 Maronem,
838 1610 943 1666 AEneid.
955 1612 1037 1675 VIII,
1053 1613 1115 1681 157.
1132 1614 1167 1668 ll.

123 1691 177 1752 uia,
188 1691 273 1744 Eliac.
288 1692 446 1761 poster.VI.
459 1693 549 1745 IIran.
718 1703 760 1756 14.
778 1691 807 1744 ln
822 1693 903 1743 schola
919 1696 943 1742 in
960 1692 1068 1742 Octaviae
1079 1697 1181 1762 portici·

162 1790 203 1823 ιο.
219 1771 332 1822 Calades.
348 1767 485 1836 Rutilae,
506 1790 560 1842 quo
579 1790 629 1823 no·
673 1773 725 1827 bus.
740 1772 836 1824 Schola
850 1772 878 1822 in
892 1771 1053 1842 porticibus,
1068 1771 1141 1824 locus
1155 1784 1181 1824 ct

11 1878 12 1909 i
124 1850 230 1904 mincis
247 1850 298 1902 luit
312 1850 358 1922 qui
371 1850 440 1921 leges
459 1850 629 1904 Atheniensi·
672 1852 750 1906 statio
762 1851 882 1922 quaedam
890 1850 972 1904 instar
980 1850 1101 1904 litterarii
1110 1850 1182 1914 ludi,

123 1930 171 1982 bus
187 1927 290 1981 dedisse
306 1930 390 1982 fertur
401 1968 409 1993 ,
430 1922 555 1992 blanciam
569 1969 577 1995 ,
597 1934 629 1991 ὣς
673 1931 701 1984 in
712 1949 791 2002 quem
801 1930 969 2002 philosophi,
979 1944 1006 1983 ct
1018 1930 1126 2000 reliquis
1135 1927 1183 1982 do·

123 2010 232 2080 λίγιται,
246 2010 333 2078 νόμους
345 2009 439 2078 γράψας
449 2048 456 2072 ,
467 2023 493 2062 et
505 2012 538 2063 ab
552 2011 583 2062 iis
592 2009 630 2062 id·
673 2009 763 2063 ctrinis
781 2010 878 2063 exculti
898 2009 1021 2063 homines
1041 2010 1183 2061 convenire

11 2116 12 2123 .
123 2089 194 2140 circo
213 2100 307 2140 statue
326 2087 455 2140 bonorem
475 2090 629 2143 obtinuisse.
673 2090 808 2154 solebant,
824 2101 854 2142 ut
868 2089 984 2159 publicis
999 2088 1183 2158 disputationi-

125 2167 176 2231 Qui
189 2167 262 2220 hunc
277 2167 412 2220 Pauaanin
421 2167 510 2220 locum
524 2187 631 2222 accura·
673 2170 723 2221 bus
732 2187 763 2221 ac
775 2167 914 2237 colloquiis
923 2181 1119 2221 exercerentur·
1128 2170 1183 2219 Da·

124 2246 467 2316 tiuspeaaitarit‚intelligct
478 2248 500 2298 is
511 2249 630 2314 prolecto
673 2266 733 2300 uc.
747 2276 787 2287 -
800 2249 830 2300 ln
847 2248 957 2300 Octavia
969 2247 1111 2316 porticibus.
1128 2247 1183 2299 No-

126 2343 217 2388 rapam
229 2326 301 2377 illius
316 2327 495 2394 conjecturam
507 2345 574 2391 esse,
583 2327 631 2398 qui
673 2327 745 2380 mine
756 2327 854 2379 sororis
861 2327 977 2378 Octavia
988 2326 1121 2395 porticum
1131 2328 1183 2376 Au·

125 2405 161 2457 aio
181 2403 319 2469 emendat,
335 2405 433 2476 adpro<
450 2406 562 2476 γράῷας,
578 2407 631 2458 boc
673 2418 763 2475 gustus
785 2403 960 2467 condiderat,
986 2416 1015 2456 ut
1040 2415 1183 2456 auctorest

126 2485 631 2544 emcomemnriumubettanuteum
674 2485 784 2537 Sueten.
805 2501 877 2536 xxrx.
899 2483 960 2534 Fuit
978 2483 1086 2552 regione
1102 2483 1184 2534 Urbis

125 2564 434 2635 ipsumsignariagrarco
442 2566 632 2635 scriptoresua-
673 2583 762 2627 nona,
778 2583 863 2633 prope
885 2562 1017 2615 theatrum
1040 2562 1159 2615 Marcelli
1175 2578 1182 2614 ε

126 2642 197 2706 deat,
216 2646 292 2713 cujus
309 2643 416 2696 comicas
433 2646 527 2697 tabulas
544 2665 559 2696 a
578 2645 631 2696 Pli·
673 2644 898 2713 complectebatur
909 2660 937 2695 ea
952 2642 1049 2711 templa
1060 2642 1185 2705 duo,Ju-

126 2724 169 2774 nio
180 2722 411 2776 commendantur.
429 2725 546 2794 Dignum
560 2725 630 2776 scili·
673 2724 752 2775 nonis
770 2736 797 2776 et
818 2721 963 2793 Apollinis,
977 2722 1092 2783 curiam,
1109 2722 1185 2775 acho·

127 2813 167 2853 cet
176 2814 260 2855 statua
275 2820 351 2872 opus.
364 2801 397 2853 Et
408 2803 467 2872 quia
476 2803 576 2855 tabulas
587 2822 632 2855 co·
673 2802 741 2858 lam,
752 2802 949 2854 bibliothecam.
963 2800 1052 2853 Iliun.

127 2882 205 2933 micas
227 2883 266 2934 sic
287 2882 457 2951 interpretari
479 2882 563 2935 velit?
580 2883 631 2935 llic
716 2880 761 2933 rb.
786 2883 824 2933 Et
840 2885 865 2933 in
882 2880 998 2949 Philippi.
1026 2882 1058 2931 In
1077 2879 1185 2949 porticu

127 2960 186 3012 libri
213 2959 279 3012 editi
304 2962 405 3012 caum
427 2961 630 3015 habenublss.
674 2959 856 3031 Philippi,de
865 2978 918 3031 qua
930 2958 1047 3012 diximus
1057 2976 1080 3011 c.
1094 2957 1184 3011 36.II.

129 3039 276 3091 Celatenll.
285 3071 326 3082 --
337 3040 449 3092 Calades.
457 3041 500 3093 Sic
510 3040 633 3094 emenda·
716 3043 762 3093 ιδ.
774 3041 805 3091 ln
819 3040 942 3109 Pompeia.
956 3041 1042 3109 Prope
1052 3038 1184 3091 theatrum

127 3131 180 3171 tum
194 3136 225 3170 er
237 3120 389 3187 conjectura
399 3120 516 3171 Meursii.
529 3121 631 3174 Broter.
675 3119 808 3189 Pompeii,
829 3120 937 3189 regione
955 3118 1037 3169 Urbis
1057 3134 1144 3180 nona,
1158 3128 1185 3168 et

127 3217 159 3249 er
170 3198 245 3250 MSS.
264 3200 347 3267 Regg.
359 3199 436 3250 Voss.
448 3211 475 3251 et
488 3197 532 3251 ed.
546 3199 631 3270 princ.
674 3201 794 3266 porticus
816 3198 977 3267 Pompeiana
994 3196 1060 3252 luit.
1082 3194 1118 3247 de
1133 3212 1185 3265 qua

129 3277 232 3329 Calates.
247 3277 300 3329 En.
676 3279 784 3329 Vitruv.
796 3279 831 3340 V,
846 3297 877 3345 9,
891 3294 917 3346 p.
932 3274 1085 3344 9=.11mu.

169 3374 212 3409 rt.
228 3356 333 3408 Carsicis
346 3355 447 3407 tabellis.
462 3357 528 3420 Quae
543 3376 632 3427 perso·
719 3375 765 3426 ¹7·
783 3356 848 3408 Idem
857 3358 942 3424 jocoso
955 3357 1049 3406 nomine
1070 3352 1183 3424 qulum

129 3454 173 3488 aas
180 3447 383 3505 representem,
393 3436 485 3499 quales
494 3436 522 3487 in
532 3436 634 3489 Comas-
677 3434 773 3487 ridiculi
786 3435 879 3487 liabitas
887 3438 975 3503 pinsit.
990 3434 1077 3504 Lege,
1096 3432 1186 3484 deridi-

129 3513 225 3567 dorum
243 3515 339 3567 fabulis
358 3512 528 3567 inducuntur.
543 3514 633 3569 lirun.
676 3516 739 3575 culi,
749 3528 780 3567 ut
788 3514 870 3569 codex
881 3513 1007 3566 Pintiani.
1018 3514 1056 3565 Ut
1068 3512 1186 3573 Plautus,

169 3614 213 3647 ra.
229 3595 377 3661 Antiphilus.
395 3586 520 3664 Ᾱντίφιλος
543 3595 634 3665 (eppei-
676 3594 800 3664 Amphit.
811 3596 854 3658 11,
870 3610 883 3645 a
899 3614 904 3643 :
921 3619 932 3640 ι
944 3592 1017 3658 Quid
1028 3593 1055 3644 in
1067 3610 1110 3643 me
1119 3589 1187 3642 deri·

129 3674 296 3742 pae'l'zetw,
308 3673 378 3727 chit.
389 3674 473 3736 VIII,
485 3671 552 3728 Ilist.
568 3693 633 3742 197,
677 3672 759 3726 diculi
778 3674 858 3744 gratia
874 3673 910 3725 sic
931 3671 1045 3725 salutas?
1056 3696 1067 3716 ι
1083 3670 1183 3731 Milite,

130 3771 166 3805 ra.
178 3754 245 3821 395.
257 3753 389 3805 Pictorem
404 3753 476 3805 bunc
489 3754 522 3805 ab
536 3754 632 3805 eximia
676 3755 719 3818 ΙΙ,
739 3774 770 3806 a:
786 3754 834 3805 ·1a
846 3750 995 3805 deridiculo
1011 3762 1064 3812 est,
1080 3764 1186 3819 quaqua

129 3831 248 3885 facilitate
263 3829 354 3884 laudat
367 3832 484 3897 Quintil.
499 3834 566 3897 IIII,
586 3850 632 3895 ro,
677 3832 777 3885 incedit
792 3833 926 3885 omuibus.
942 3856 952 3879 ι
977 3827 1071 3884 Pseud.
1087 3828 1136 3891 1v,
1151 3828 1185 3879 5:

130 3928 157 3979 p.
172 3914 239 3982 894.
253 3911 344 3964 Hsuu.
681 3938 692 3958 ι
703 3912 853 3965 bliinllum
864 3912 943 3964 verba
954 3928 1003 3980 per
1012 3905 1187 3960 deridiculum

171 3992 214 4043 13.
228 3992 368 4042 Hesionam.
388 3991 477 4054 Quam
490 3991 633 4061 expositam
678 3990 749 4043 dare.
761 4016 772 4038 2
783 3992 869 4044 Tacit.
879 3990 972 4043 nunu.
983 3988 1029 4040 lib.
1040 3986 1099 4038 1112
1115 4008 1125 4032 ι
1137 3986 1188 4037 De·

131 4081 186 4122 teto
192 4070 319 4123 Hercules
327 4069 457 4133 liberavit,
463 4070 551 4122 occiso
560 4088 634 4123 mou·
677 4068 792 4123 ridiculo
804 4070 855 4123 fuit
873 4088 950 4125 senex
962 4065 1110 4120 loediaaimae
1124 4065 1188 4118 adu-

132 4160 191 4203 stro.
211 4152 313 4203 Dicae.
330 4182 366 4193 -
381 4150 510 4202 Hesionam
533 4150 632 4201 nobilem
677 4149 780 4203 lationis
800 4161 903 4203 tautam
925 4147 1033 4203 infamia
1054 4162 1183 4199 usurus.»
