3100 5125
375 531 445 617 aaa
495 533 534 601 C.
560 530 717 601 PLINII
743 531 848 598 NAT.
877 533 1004 599 ttts‘s.
1029 531 1124 598 LIB.
1152 527 1311 597 XXXV.

375 651 510 735 trium'³
530 664 694 758 Pompeii,
711 665 892 758 Augenque
914 663 1092 746 Demetrii,
1111 684 1298 756 quanquam
1315 674 1351 728 et
1366 662 1437 754 ipsa
1545 653 1546 674 ¹

378 772 526 865 Pompeii
543 769 666 838 credita
681 783 749 838 est:
765 769 993 863 Hipparchum
1004 754 1027 800 ¹⁴
1042 769 1089 836 M.
1106 768 1256 854 Antonii,
1268 753 1437 835 Menam'⁵

377 892 412 944 et
438 879 662 944 Menecratem
688 877 761 944 Sex.
786 877 949 969 Pompeii,
978 873 1124 968 aliosque
1152 873 1324 968 deinceps,
1354 897 1437 966 quos

377 1003 570 1050 enumerare
588 982 655 1074 jam
680 995 834 1065 nonest,
865 1005 884 1050 e
912 981 1068 1075 sanguine
1090 979 1268 1068 Quiritium
1297 992 1332 1046 et
1359 1003 1436 1072 pro-

344 1088 593 1181 sscriptionum
623 1085 754 1154 licentia
780 1086 909 1155 ditatos.
936 1090 1010 1155 Hoc
1037 1099 1088 1155 est
1116 1086 1243 1180 insigne
1272 1083 1438 1153 venalitiis

377 1192 546 1286 gregibus,
562 1191 844 1286 opprobriumque
857 1191 1026 1261 insolentis
1040 1191 1200 1260 fortunae:
1216 1189 1306 1318 puod
1324 1204 1360 1260 et
1374 1215 1435 1259 nos

376 1298 459 1366 adeo
470 1300 568 1391 potiri
579 1322 689 1366 rerum
699 1297 850 1382 vidimus,
862 1312 899 1366 ut
912 1298 1064 1392 pretoria
1075 1295 1216 1391 quoque¹
1241 1310 1437 1365 ornamenta

377 1403 509 1473 decerni
525 1428 545 1472 a
562 1418 695 1490 senatu,
711 1403 849 1496 jubente
861 1405 1039 1499 Agrippina
1061 1401 1190 1473 Claudii
1209 1404 1367 1488 Caesaris,
1384 1403 1435 1468 vi·

295 1516 299 1528 '
377 1509 523 1578 derimus
540 1508 684 1578 libertis:
707 1523 902 1603 tantumque
924 1535 991 1578 non
1013 1533 1089 1578 cum
1116 1506 1269 1577 laureatis
1293 1506 1437 1577 fascibus

378 1615 498 1684 remitti
526 1613 600 1701 illo,
617 1613 704 1683 unde
725 1617 857 1684 cretatis
867 1615 1017 1710 pedibus
1037 1613 1255 1682 advenissent.

377 1849 461 1912 suae,
477 1825 518 1894 de
538 1826 658 1919 quibus
674 1824 741 1918 jam
760 1825 920 1896 diximus¹
937 1853 944 1896 :
961 1826 1017 1896 sed
1038 1840 1072 1895 et
1088 1825 1153 1894 hoc
1172 1824 1247 1894 loco
1268 1824 1436 1894 reddenda

376 1945 509 2006 natura,
522 1933 572 1998 Ex
589 1930 707 2000 Galata
723 1931 847 2016 insula,
871 1947 905 2000 et
919 1934 1006 2002 circa
1024 1931 1185 2025 Clupeam
1203 1930 1324 2000 Africae
1342 1955 1435 2000 scor-

375 2039 490 2132 piones
507 2051 625 2109 necat:
639 2036 782 2105 Balearis
796 2053 830 2106 et
844 2038 1024 2108 Ebusitana
1038 2051 1215 2132 serpentes.

229 1773 231 1780 .
345 1745 356 1778 1
429 1722 520 1789 LIX.
547 1709 654 1812 (xix).
683 1722 845 1788 Praeterea
867 1734 943 1790 sunt
964 1744 1084 1814 genera
1107 1731 1202 1788 terrae
1224 1721 1437 1813 proprietatis
1545 1735 1546 1746 ¹

375 2213 555 2267 Mithridatem
569 2215 670 2268 bellum
690 2216 776 2286 gessit.
792 2217 883 2270 Hane.
925 2217 972 2270 lib.
982 2217 1018 2283 V,
1030 2235 1090 2288 pag.
1108 2217 1174 2286 718.
1186 2215 1282 2268 Sextus
1292 2215 1436 2286 Pompeius
1545 2243 1546 2248 =

416 2293 459 2346 13.
473 2293 628 2347 Demetrium.
641 2295 738 2348 Seneca
749 2295 784 2348 de
797 2297 883 2348 Tran·
926 2297 1015 2368 Magni
1031 2296 1101 2348 filius
1115 2295 1313 2366 fuit:isquem
1338 2295 1436 2366 Appia·

375 2373 449 2442 quill.
464 2391 521 2444 cap.
535 2393 601 2434 vtrt,
615 2392 642 2443 p.
655 2376 710 2428 682
723 2393 730 2428 :
747 2401 758 2422 ι
771 2374 883 2428 Felicio·
925 2395 975 2430 nus
987 2389 1013 2429 et
1026 2375 1078 2427 Dio
1091 2373 1158 2427 adeo
1169 2375 1303 2427 insaniisse
1315 2375 1434 2438 sanxere,
1545 2395 1546 2412 ¹

374 2469 431 2504 rem
450 2464 479 2504 tn
505 2453 669 2505 Demetrium
692 2452 884 2524 Pompeianum
927 2453 1223 2526 utseNeptunifllium
1240 2451 1355 2506 diceret:
1370 2471 1435 2524 quo·

375 2549 470 2596 vocas,
491 2550 571 2605 quem
584 2550 639 2585 non
651 2531 748 2603 puduit
764 2533 884 2605 locuple·
926 2535 997 2588 niam
1021 2534 1048 2587 in
1071 2533 1153 2605 ipsius
1175 2533 1290 2585 nummis
1305 2533 1435 2604 scriptum

375 2611 470 2664 tiorem
480 2630 535 2664 esse
544 2612 690 2683 Pompeio?
702 2613 835 2666 Numerus
846 2613 885 2666 illi
926 2614 1051 2668 viderunt
1062 2631 1196 2667 annunt.
1208 2615 1244 2665 At
1257 2626 1294 2675 est
1305 2612 1373 2665 illud
1387 2632 1435 2684 pro

375 2689 494 2762 quotidie
508 2709 656 2755 meorum,
680 2693 754 2745 velut
771 2694 885 2763 impera·
926 2693 1195 2766 Neptunius,hocest,
1208 2690 1433 2744 marisdominus:
1545 2734 1546 2753 ,

375 2770 428 2821 tori
451 2769 578 2828 exercitus
598 2770 779 2837 referebatur,
802 2785 852 2826 etc.
869 2797 880 2819 ι
926 2787 953 2828 et
967 2785 1006 2827 est
1020 2770 1301 2835 illenummusSeati,
1315 2790 1371 2823 non
1381 2772 1436 2823 Ma·
1485 2810 1488 2815 .

375 2846 447 2901 Vide
460 2860 486 2900 et
509 2848 681 2901 Plutarchum
695 2849 723 2902 in
739 2852 884 2921 Pompeio,
927 2852 1092 2923 gni-patria,
1116 2863 1147 2903 ut
1170 2850 1348 2921 incogitanter
1372 2851 1434 2903 olim

375 2947 403 2997 p.
416 2932 479 2989 604.
488 2924 548 2979 Fuit
556 2927 601 2979 hic
610 2926 766 2981 Gadarensis
775 2950 790 2982 e
800 2930 886 3002 Syria,
927 2931 1067 2985 edidimus.
1081 2930 1171 2983 Hann.

376 3019 405 3058 ut
415 3004 521 3077 quidem
536 3004 614 3060 docet
626 3008 766 3078 Josephus.
776 3008 870 3063 Hann.
970 3014 1013 3064 16.
1024 3011 1058 3063 Ut
1064 3012 1278 3081 praetoriaquopue
1286 3021 1433 3060 ornamenta.

419 3090 464 3148 rt.
476 3084 652 3155 Hipparchum.
664 3078 802 3158 Ῑππαρχον,
812 3087 885 3159 apud
926 3090 1070 3143 Pallantem
1079 3086 1183 3141 Claudii
1193 3088 1301 3141 Caesaris
1309 3088 1433 3139 libertum

377 3164 510 3217 Plutarch.
526 3164 554 3217 in
571 3167 714 3237 Antonp.
731 3168 794 3237 950-
810 3168 845 3220 II.
927 3170 1033 3239 abipso
1057 3187 1126 3221 curse
1149 3186 1239 3220 rerum
1263 3166 1433 3237 impositum,

418 3243 464 3297 15.
477 3244 583 3297 Menam.
595 3246 637 3299 De
647 3246 727 3298 Mena
737 3265 784 3299 aen
794 3247 887 3299 Meno·
926 3250 1109 3321 arbitrumque
1119 3246 1193 3317 regni
1207 3246 1315 3309 sactum,
1328 3245 1434 3297 Tacitus

375 3320 459 3387 doro,
474 3322 545 3375 Sexti
558 3323 679 3396 Pompeii
691 3326 802 3388 liberto,
820 3326 885 3379 clas·
926 3328 963 3381 ait
978 3326 1076 3381 Annal.
1087 3327 1169 3390 XIII,
1183 3344 1211 3395 p.
1231 3345 1292 3378 που.
1307 3324 1432 3396 Agrippi·

375 3401 464 3472 sisque
476 3403 616 3473 praesecto,
629 3424 660 3456 ac
674 3418 764 3475 postea
776 3405 812 3458 ad
826 3406 885 3458 Cae·
925 3427 966 3460 nu
980 3404 1085 3459 Claudii
1096 3404 1174 3458 uxori
1186 3416 1278 3475 stupro
1290 3404 1434 3474 illigatum,

375 3498 459 3533 sarem
484 3482 638 3554 transfuga,
663 3484 725 3537 vide
750 3486 883 3551 Dionem,
927 3485 1076 3551 idem,lib.
1093 3484 1161 3549 XII,
1177 3504 1204 3555 p.
1225 3502 1286 3553 179.
1303 3484 1394 3537 Hann-

374 3559 423 3613 lib.
437 3560 563 3626 XLVIII,
573 3580 599 3632 p.
616 3562 682 3633 375,
698 3576 724 3616 et
739 3565 884 3619 Suetonio
966 3565 1036 3618 LIX.
1058 3583 1082 3617 ι.
1103 3563 1142 3615 De
1157 3562 1241 3635 quibus
1248 3566 1301 3633 jam
1321 3560 1433 3614 dicimus.

375 3639 446 3711 Aug.
455 3658 543 3694 axam.
556 3641 597 3693 De
610 3641 758 3697 Menecrate
766 3642 883 3715 ejusdem
928 3646 969 3697 De
982 3658 1051 3697 terra
1075 3642 1189 3707 Galata,
1204 3642 1382 3713 Clupeaeque,
1397 3640 1436 3709 dit

377 3716 450 3771 Sexti
462 3719 574 3785 liberto,
590 3720 659 3773 idem
671 3721 805 3795 Dio,pag.
819 3722 884 3777 385.
929 3736 1000 3777 ctum
1022 3725 1142 3797 superius
1162 3720 1209 3775 lib.
1221 3720 1257 3787 V,
1274 3740 1333 3793 cap.
1355 3740 1380 3791 7.
1395 3722 1434 3773 De
1545 3720 1546 3729 ³

377 3798 417 3851 De
433 3811 549 3872 unoque
562 3801 715 3873 Appianas,
727 3803 792 3855 Bell.
806 3802 884 3855 Civil.
929 3802 1030 3855 Baleari
1043 3815 1069 3856 et
1081 3802 1236 3870 Ebusitana,
1247 3802 1306 3867 111,
1321 3818 1368 3854 ιι.
1379 3800 1418 3869 Η.Ι

764 4004 1048 4037 ψ...
