3100 5125
292 529 293 533 =
365 487 410 555 80
635 485 674 553 C.
699 484 866 554 Pblllll
891 484 996 556 NAT.
1021 486 1148 554 HIST.

364 618 455 689 tariis
477 614 549 687 fieri
571 629 780 710 compertum
806 631 867 686 est.
897 618 1070 685 Invenitur
1097 632 1132 685 et
1159 617 1195 685 in
1219 615 1431 712 plumbariis,

366 722 461 794 vilior
474 724 573 792 etiam
596 723 736 791 auraria.
759 724 802 791 ln
819 723 973 797 omnibus
991 736 1101 793 autem
1121 724 1161 792 iis
1183 724 1323 794 metallis
1340 726 1433 796 litet

366 855 461 917 cura,
480 828 621 897 multum
640 828 726 897 inira
741 828 925 903 naturalem
947 827 1059 897 illam:
1085 829 1237 900 immissis
1256 832 1292 899 in
1309 856 1431 901 venam

366 938 459 1030 aquis
477 934 593 1003 leviter
607 934 715 1003 hieme
734 948 823 1019 tota,
846 937 998 1030 usquein
1012 935 1144 1028 junium
1161 960 1307 1006 mensem
1326 962 1334 1005 :
1354 937 1433 1007 dein

366 1043 494 1115 siccatis
515 1041 549 1109 in
565 1041 662 1131 junio
678 1055 712 1109 et
727 1041 831 1133 julio:
852 1056 890 1110 ut
905 1041 1003 1135 plane
1015 1038 1117 1119 intelli
1141 1055 1216 1111 atur
1236 1042 1320 1112 nihil
1341 1042 1432 1113 aliud

331 1189 348 1223 s
368 1146 590 1243 chrysocolla,
610 1170 710 1240 quam
729 1170 813 1215 vena
837 1148 952 1239 putris.
981 1148 1104 1216 Nativa
1144 1147 1266 1217 duritia
1286 1151 1431 1220 maxime

367 1246 616 1340 distat3luteam
629 1267 762 1322 vocant.
776 1237 836 1321 Et⁵
850 1267 960 1321 tamen
975 1252 1030 1322 illa
1046 1278 1177 1347 quoque
1191 1253 1295 1323 herba
1307 1308 1317 1342 ,
1329 1280 1432 1349 quam

367 1359 474 1430 lutum
495 1343 692 1453 appellant⁶‚
706 1359 854 1451 tingitur.
870 1358 1017 1427 Natura⁷
1034 1373 1104 1444 est,
1118 1355 1274 1453 quaelino
1290 1359 1431 1444 lanaeve,

371 1466 412 1535 ad
432 1490 568 1535 succum
591 1463 781 1533 bibendum.
802 1451 984 1533 Tunditur⁸
1009 1466 1044 1533 in
1067 1463 1154 1560 pila,
1180 1464 1320 1535 deinde⁹
1342 1468 1433 1536 tenui

367 1573 478 1642 cribro
487 1571 648 1639 cernitur:
659 1584 774 1664 postea
790 1568 935 1655 molitur,
948 1594 988 1638 ac
999 1570 1117 1639 deinde
1133 1571 1295 1642 tenuins¹⁰
1309 1572 1433 1643 cribra·

410 1744 438 1800 4.
448 1735 549 1789 Nativa.
558 1734 653 1787 Nativa
666 1732 792 1785 laetitiam
803 1732 880 1785 istam
923 1734 993 1793 sius,
1012 1733 1086 1785 hrum
1106 1748 1155 1809 ant
1171 1736 1259 1790 loton:
1276 1736 1321 1791 bio
1342 1750 1434 1791 noster

369 1815 560 1889 chrysocollam
576 1812 673 1867 duritia
687 1825 803 1883 superat.
817 1813 852 1865 ll.
922 1814 1002 1884 plane
1017 1814 1076 1867 luto.
1097 1814 1209 1880 Statim,
1227 1841 1240 1863 ι
1252 1810 1354 1870 Natura
1375 1829 1436 1881 cst,

411 1898 436 1949 t.
464 1896 501 1947 Et
522 1906 609 1945 tamea.
634 1892 879 1952 trutmoniam,
923 1910 984 1964 quta
997 1892 1052 1946 lino
1064 1894 1329 1951 lsnoercfflsnccnm
1343 1896 1435 1951 biben-

369 1994 452 2047 quum
461 1975 531 2026 lutea
539 1972 692 2045 appelletur,
702 1972 784 2024 herba
794 1984 882 2025 tamen
924 1972 1015 2026 dum.»
1028 1972 1106 2026 Voss.
1115 1976 1316 2040 sucumVoluit,
1327 1976 1435 2047 opinor,

369 2073 430 2125 quse
445 2055 531 2106 lutum
541 2064 718 2123 nuncupatur,
730 2050 787 2122 ipsa
801 2052 878 2121 tingi·
917 2052 1018 2120 sucum,
1031 2050 1058 2105 id
1075 2065 1128 2119 est,
1141 2054 1268 2108 colorem.
1281 2055 1373 2108 Grion.

372 2148 425 2188 tur.
447 2134 487 2188 Ut
511 2133 598 2187 lutum
622 2128 680 2195 (sic
705 2131 776 2183 cuim
803 2131 882 2185 MSS.
965 2132 1421 2205 7.Natum.Clrrysocollae.Hsnn.

371 2232 463 2267 omnes
485 2209 614 2276 habent)
639 2228 684 2264 sen
710 2212 821 2263 herbam
847 2212 885 2263 lu·
965 2213 992 2265 8.
1009 2213 1234 2266 ΤωιΙὶιιιν.ΡὶΙιηι
1251 2215 1314 2267 alibi
1331 2215 1436 2267 monui·

371 2307 442 2347 team
464 2290 584 2345 eamdem
602 2309 658 2345 esse
676 2309 786 2361 negem,
806 2304 885 2361 atque
925 2308 984 2343 mus
1006 2310 1062 2345 esse
1080 2311 1126 2345 vas
1146 2310 1307 2361 concavum,
1332 2294 1361 2347 in
1379 2312 1436 2366 quo

370 2372 463 2433 brun,
477 2372 533 2423 sive
546 2371 666 2435 nitrum,
680 2369 714 2422 de
728 2388 782 2440 quo
794 2370 884 2434 XXII,
924 2368 989 2441 qnid
1010 2372 1132 2441 pinsitur,
1147 2372 1331 2444 tunditnrqne.
1356 2374 1437 2427 Nunc

299 2498 304 2512 ,
374 2472 401 2511 a,
426 2448 493 2505 illud
516 2450 545 2503 in
565 2450 658 2521 primis
677 2450 706 2503 in
731 2467 810 2501 causa
830 2462 885 2514 est,
925 2456 1065 2503 mortarium
1075 2465 1180 2504 vocant.
1191 2451 1310 2505 Similem
1323 2454 1378 2507 iere
1389 2471 1436 2523 pa·

372 2530 445 2606 quod
458 2532 530 2584 luteo
548 2530 639 2583 colore
651 2530 694 2582 illo
708 2528 804 2593 inlicit,
815 2529 886 2583 isatis
925 2528 1014 2584 randis
1038 2529 1234 2604 probandaque
1263 2532 1437 2604 chrysocolla

372 2611 493 2665 ceruleo.
504 2610 594 2676 Quare
604 2610 700 2663 caerulo
710 2611 790 2662 mixta
802 2610 884 2662 berba
925 2608 1037 2664 modum
1056 2611 1136 2664 aiicrt
1147 2612 1236 2666 Dioso.
1252 2615 1288 2677 V,
1305 2613 1414 2676 104.st

371 2692 472 2748 lutum.
495 2687 610 2742 viridem
628 2689 741 2741 maxime
764 2689 884 2741 colorem
966 2709 993 2758 9.
1022 2691 1088 2743 Dein
1114 2693 1179 2742 tenui
1200 2693 1278 2746 enlm
1297 2696 1436 2746 secernitur.

372 2769 462 2828 efficit.
472 2767 559 2820 Testis
572 2768 709 2820 Vitruvius
721 2785 728 2819 ε
743 2793 753 2814 ι
764 2768 819 2832 Qui
831 2787 884 2821 non
925 2768 1004 2822 Voss.
1018 2783 1045 2822 et
1057 2770 1175 2824 Pintinni
1187 2773 1257 2824 liber
1266 2773 1345 2825 cribro
1359 2776 1436 2824 ansi-

373 2859 485 2920 possunt
502 2847 669 2924 chrysocolla
688 2861 797 2917 propter
820 2847 886 2900 cari·
927 2860 974 2900 tur.
989 2849 1050 2904 Lib.
1064 2843 1116 2902 XV
1118 2851 1173 2912 111,
1192 2869 1222 2905 ιι
1240 2872 1246 2902 :
1262 2878 1273 2899 ι
1289 2853 1437 2922 Postesqne

373 2940 453 2981 tatem
466 2924 615 2990 uti,herbn
623 2942 686 2997 ¹qum
697 2926 783 2978 lutum
797 2928 886 2997 appel·
926 2929 1002 2999 gypsi
1021 2947 1082 2999 pars
1103 2943 1196 3000 quarta
1214 2931 1386 3002 inspergitur,
1401 2944 1439 2984 at·

373 3007 452 3070 latur,
462 3004 588 3058 carulum
599 3005 732 3072 inficiunt,
742 3018 767 3058 et
775 3019 887 3059 utuntur
926 3026 991 3077 qne,
1011 3020 1041 3060 ot
1061 3008 1188 3073 cobaesit,
1207 3011 1319 3064 farinam
1343 3011 1436 3064 cribro

374 3084 537 3140 viridissimo
546 3083 642 3138 colore.
652 3110 663 3131 ι
674 3083 746 3138 Vide
755 3087 886 3156 egregiam
926 3087 1097 3140 subcernunt.
1111 3089 1177 3154 Qun
1196 3088 1225 3142 in
1239 3108 1272 3143 eo
1295 3090 1436 3155 remansit,

374 3184 454 3236 super
479 3182 510 3216 eo
531 3176 686 3234 argumento
710 3164 807 3216 Ruellii
825 3183 887 3218 con·
926 3166 1073 3236 excepticia
1084 3167 1244 3237 appellatur,
1257 3180 1282 3220 et
1295 3167 1436 3239 grandissi-

374 3244 563 3307 eertationem,
590 3241 625 3294 de
649 3245 710 3296 Nat.
743 3245 819 3314 stirp.
841 3245 886 3310 11,
927 3262 969 3297 ma
992 3258 1040 3298 est.
1064 3247 1243 3317 Rursusque
1265 3249 1379 3313 transiit,
1397 3267 1439 3300 ar·

376 3344 402 3395 p.
420 3323 486 3389 434.
503 3321 537 3374 Η.
552 3320 654 3373 -111a
669 3323 751 3386 herbo,
764 3342 836 3393 quam
847 3325 885 3374 lu·
927 3324 1009 3384 ctiore
1022 3325 1140 3378 cernitur
1155 3339 1180 3378 et
1192 3325 1348 3380 secundaria
1361 3345 1438 3381 roca·

376 3421 425 3456 mm
436 3401 568 3472 appellant.
587 3401 684 3453 Lutum
699 3401 777 3454 nobis
790 3415 830 3455 cst
842 3403 887 3455 Ila-
926 3416 980 3456 tur.
992 3428 1003 3449 ·
1023 3404 1083 3456 Lib.
1091 3405 1206 3469 XXXV,
1221 3410 1257 3470 6,
1272 3404 1306 3458 de
1318 3405 1414 3460 Indico
1428 3424 1436 3460 ε

374 3484 432 3536 uda
444 3481 532 3534 hiteola
549 3473 702 3542 (Dodecnnd.
719 3484 809 3552 trigyn.
823 3501 885 3552 gen.
930 3507 942 3530 ι
956 3501 1040 3555 quum
1051 3484 1180 3548 cernitur,
1188 3485 1310 3556 nigrum
1321 3499 1350 3540 at
1359 3487 1389 3538 in
1397 3483 1438 3537 di·

380 3563 453 3618 1188
468 3560 539 3613 Pers.
551 3558 685 3631 Capparid.
699 3560 771 3630 affin.
784 3563 801 3613 J
804 3552 871 3630 uss.)
876 3599 887 3627 ,
925 3560 1024 3614 luendo
1034 3563 1176 3616 mixturam
1185 3582 1312 3635 purpuras
1321 3565 1439 3618 cerulei·

376 3640 471 3714 dequo
479 3641 533 3709 jam
544 3639 609 3694 alias
623 3640 733 3710 egimus.
744 3641 794 3693 En.
925 3660 979 3712 que
1001 3641 1150 3694 mirabilem
1170 3641 1286 3698 reddita
1300 3643 1347 3698 Sic
1366 3645 1438 3697 bene

282 3743 284 3746 ·
416 3725 443 3774 6.
455 3719 504 3772 Illa
514 3738 604 3790 quoque
614 3719 695 3784 turta,
711 3739 782 3791 quam
796 3721 886 3772 luteam
925 3719 1082 3785 Salmasius,
1097 3740 1180 3791 quum
1200 3734 1226 3776 et
1245 3723 1272 3776 in
1285 3724 1363 3778 Voss.
1382 3723 1440 3788 sit,

374 3801 512 3872 appellant,
536 3809 585 3854 ctc.
599 3800 676 3852 Voss.
704 3819 774 3870 quam
800 3800 884 3853 heum.
925 3801 1148 3854 curarunGros,

375 3881 413 3935 Ut
433 3892 460 3934 et
479 3878 570 3931 inira:
593 3879 727 3935 «Lutcam
750 3892 844 3952 putant
868 3898 885 3932 a
972 3879 1069 3932 10.Ao
1089 3879 1174 3932 deiude
1194 3881 1440 3934 mausuarioru-

374 3961 430 4014 luto
443 3959 525 4012 herba
543 3956 649 4013 dictam.
665 3983 675 4004 ι
691 3959 745 4015 Ubi
759 3959 884 4030 praecepit
929 3971 975 4011 tur.
991 3959 1106 4012 Detrahe
1119 3961 1275 4030 particulam
1284 3964 1321 4012 sio
1331 3979 1363 4014 cs
1372 3961 1442 4013 anti-

373 4038 514 4092 Salmasius
535 4034 570 4089 ad
586 4035 669 4090 Soliu,
688 4057 747 4109 pag.
766 4040 831 4092 25⁵.
848 4041 885 4092 Et
928 4057 983 4109 qno
996 4037 1104 4106 codice,
1115 4054 1139 4092 et
1153 4041 1311 4111 paulopost,
1323 4041 1440 4104 lomento,

374 4132 460 4188 tames
476 4116 538 4172 libri
555 4130 672 4186 veteres,
686 4118 786 4190 quibus
799 4116 884 4170 inten-
927 4137 983 4170 non
993 4119 1135 4185 mum,
1149 4119 1259 4174 ibidem.
1274 4120 1356 4176 Pur.
