3100 5125
490 523 648 592 Lissa
672 481 878 594 xxxvii.
1143 525 1215 622 629

151 638 294 740 tentus³,
308 651 516 748 celantesque
532 679 568 724 se
584 654 803 752 tmnslirlgent
823 681 930 726 aureae
947 671 1065 753 guttae,
1085 683 1216 754 semper

150 759 187 826 in
205 783 363 852 corpore,
384 783 563 854 numquam
583 761 617 828 in
637 775 722 831 cute.
745 763 882 833 Accedit
900 761 1013 860 religio
1026 779 1175 852 narrata,
1195 789 1215 834 a

150 863 297 932 siderum
333 866 551 960 cognatione,
588 866 630 934 ab
662 869 920 961 inspectoribus,
954 871 1110 964 quoniam
1146 871 1215 940 fere

59 1000 65 1007 ·
150 967 318 1038 stellarum
347 969 499 1064 Hyadum
528 985 562 1040 et
590 996 746 1056 numero,
779 986 812 1041 et
844 974 1055 1070 dispositione
1087 974 1216 1045 stellan-

151 1089 218 1161 tur,
238 1075 282 1144 ob
310 1075 345 1144 id
376 1074 537 1145 Chaldaeis
555 1077 596 1145 ain
626 1079 822 1148 cerimoniis
845 1078 976 1150 habitae.
997 1083 1041 1149 Et
1061 1081 1116 1150 hic
1140 1107 1209 1150 ma·
1233 1121 1247 1154 ι

150 1167 227 1274 res⁴
253 1182 423 1251 austeritas
446 1180 631 1277 distinguit,
651 1182 793 1277 quodam
817 1172 947 1280 vigore⁵
975 1189 1125 1280 apposita
1145 1189 1214 1256 tin·

57 1298 69 1312 ⁴
153 1310 244 1382 gens.
262 1285 383 1356 Indicae
402 1286 535 1380 quidem
549 1289 647 1356 etiarn
662 1289 818 1358 hebetare
832 1291 924 1359 risus
934 1290 1098 1361 dicuntur.
1113 1291 1214 1362 Blan-

150 1391 226 1460 dior
248 1391 377 1462 feminis
405 1393 537 1462 flamma
557 1418 564 1460 ε
585 1392 731 1463 alliciens
750 1395 870 1494 magis,
891 1419 989 1489 quam
1021 1397 1213 1467 accendens.

150 1498 238 1566 Sunt
252 1500 308 1591 qui
325 1497 503 1592 preferant
520 1498 676 1568 Arabicas
692 1499 836 1584 indicis,
857 1500 1049 1596 fumidoque
1074 1503 1214 1597 chryso·

150 1601 234 1672 tino
254 1601 325 1674 illas
346 1604 467 1674 similes
483 1603 604 1673 dicant.
627 1607 787 1676 Ismenias
806 1631 886 1676 vero
904 1622 1002 1703 negat
1023 1605 1120 1702 poliri
1142 1632 1213 1678 san·

150 1708 312 1796 dareson,
338 1725 473 1804 propter
491 1711 720 1780 teneritateme
738 1726 771 1780 et
791 1712 835 1779 ob
853 1711 886 1780 id
910 1713 943 1780 in
963 1737 1083 1808 magno
1101 1737 1214 1783 ermre

151 1829 246 1900 sunt,
256 1816 312 1909 qui
323 1816 510 1885 sandaricae
520 1830 649 1885 vocent.
661 1820 750 1884 lnter
763 1842 879 1886 omnes
893 1831 1039 1905 constat,
1051 1832 1212 1912 quantum

150 1944 291 1989 numero
316 1921 484 1990 stellarum
513 1920 669 2006 accedat,
691 1936 819 1991 tantum
846 1937 880 1992 et
908 1923 1016 2018 pretio
1044 1923 1211 1993 accedere.

149 2025 259 2095 Allert
285 2051 432 2096 errorem
453 2025 629 2120 aliquando
651 2027 830 2097 similitudo
859 2029 1021 2115 nominis,
1050 2027 1248 2116 sandasel,3

149 2131 240 2225 quod
264 2118 453 2202 Nicander⁶
466 2131 684 2202 sandareseon
708 2147 824 2220 vocat,
842 2132 894 2202 alii
909 2132 1117 2204 sandareson.
1136 2136 1214 2222 Qui·

102 2265 109 2278 ·
149 2235 227 2306 dam
249 2263 329 2308 vero
345 2239 433 2307 hanc
452 2237 664 2324 sandastron,
682 2237 772 2308 illam
794 2238 1047 2308 sandaresum⁷:
1065 2241 1099 2307 in
1118 2238 1213 2308 India

148 2356 338 2417 nascentem
361 2329 472 2413 illam⁸
488 2369 635 2438 quoque,
671 2358 705 2413 et
721 2343 784 2414 loci
809 2369 931 2413 nornen
950 2344 1212 2414 custodientem:

148 2447 226 2517 mali
244 2446 374 2535 colore,
393 2463 451 2518 aut
468 2447 531 2517 olei
549 2449 680 2534 viridis,
700 2451 853 2520 omnibus
873 2450 1105 2544 improbatam.

201 2556 329 2626 XXIX.
345 2557 396 2625 Ex
406 2554 523 2626 eodem
537 2580 658 2651 genere
669 2555 874 2641 ardentium,
891 2552 1028 2651 lychnis¹
1048 2552 1213 2650 appellata
1227 2601 1239 2635 1

147 2738 218 2791 Hinc
233 2726 404 2806 sumnopere
414 2736 594 2792 commendari
604 2738 657 2803 eit,
700 2740 837 2793 austeritas
850 2737 1004 2808 distinguit,
1020 2735 1150 2809 siqnidem
1170 2737 1212 2790 ri·

145 2814 222 2887 quod
231 2834 317 2869 aureae
328 2830 408 2887 gutte
415 2835 480 2889 quas
488 2817 559 2870 intus
569 2818 658 2884 habet,
700 2838 749 2888 gor
762 2819 881 2889 apposita
899 2818 1002 2888 tingens
1019 2814 1133 2869 indicat:
1155 2817 1213 2887 qui-

146 2897 262 2949 velutin
276 2895 421 2961 tralucido,
432 2909 459 2949 et
469 2914 525 2950 sese
542 2897 657 2950 celantes
700 2895 762 2951 dem
779 2898 871 2962 etism,
892 2909 943 2950 etc.
959 2922 970 2943 ι
989 2896 1024 2948 Et
1037 2900 1124 2966 cept
1143 2898 1212 2966 ejus·

145 2976 344 3047 mnslnlgeant.
355 2974 440 3029 Suu.
448 3008 489 3018 —
500 2976 575 3045 Ignis.
587 2976 658 3047 Ignis
700 2976 762 3030 dem
771 2977 834 3029 libri
846 2997 873 3027 :a
882 2976 962 3029 nullis
971 2977 1055 3046 major
1065 2973 1211 3037 austeritas,

146 3052 485 3118 intmconditusacveluti
495 3053 658 3109 absconden-
700 3074 749 3109 nec
764 3057 853 3109 minue
870 3055 937 3109 vitii.
954 3079 965 3100 ι
982 3055 1016 3107 Et
1031 3054 1112 3124 paulo
1127 3065 1188 3123 poet
1203 3072 1211 3105 ε

145 3146 187 3188 tes
199 3148 256 3187 sese
267 3151 353 3187 auree
362 3146 452 3203 gutte.
465 3135 557 3187 Hann.
701 3156 713 3179 ι
728 3153 792 3205 ergo
808 3135 901 3207 Cyprii
921 3134 993 3186 varie
1007 3131 1092 3203 glauci
1109 3149 1116 3184 z
1130 3130 1213 3203 magis

188 3212 658 3282 3.15nisobteatus.sictlSS.omnee,
700 3233 731 3268 ec
745 3216 834 3267 minue
848 3216 876 3267 in
892 3210 986 3266 eodem
1006 3208 1142 3282 smaragdo
1155 3210 1213 3263 eliis

144 3311 214 3365 qnos
226 3293 396 3363 inspeximus.
410 3292 486 3345 Prius
500 3294 654 3364 legebatur:
699 3293 819 3366 pertibus
840 3290 958 3345 tenorem
983 3291 1057 3343 illum
1082 3288 1213 3361 Scythica

145 3395 158 3417 ι
171 3371 287 3424 velutin
303 3369 463 3438 translucido
474 3371 603 3425 stellantes
615 3373 656 3425 in·
699 3372 917 3425 austeritatisnon
923 3368 1208 3441 sempereustodiunt.·

144 3464 190 3505 tus
202 3451 302 3522 fulgent
312 3468 397 3503 eurem
406 3462 495 3519 gutte.
507 3449 656 3518 »Isidorum
698 3452 786 3521 Iteepts
810 3450 897 3505 Graeci
917 3462 1013 3503 vocent
1032 3446 1106 3519 quod
1124 3460 1212 3500 euste-

144 3532 200 3584 loe.
214 3531 260 3584 cit.
273 3552 284 3573 ι
296 3527 378 3595 Quod
390 3528 473 3581 veluti
484 3528 555 3581 intro
563 3530 655 3584 lucido
698 3548 758 3583 rum
775 3530 804 3581 in
819 3530 953 3583 coloribus
968 3526 1162 3581 Latinissu.

146 3612 208 3680 igne
231 3609 303 3662 intus
328 3608 430 3679 fulgent
455 3626 540 3661 eume
565 3622 654 3681 gutte.
740 3612 767 3661 6.
796 3609 872 3678 Quod
897 3608 1027 3663 Nicander.
1059 3605 1103 3660 Sic
1133 3604 1228 3658 MSS.¹

145 3690 256 3743 Constet
269 3700 356 3741 eutem
370 3688 439 3740 inter
450 3706 557 3752 omnes,
572 3708 656 3760 quen-
699 3706 808 3749 omnes,
823 3700 849 3741 et
868 3688 919 3741 lroc
937 3687 1012 3752 loeo,
1031 3698 1058 3737 et
1069 3686 1097 3738 in
1113 3682 1209 3737 indice.

145 3766 460 3825 tusnumernsstellarurn
466 3764 576 3835 accedit,
582 3780 656 3821 tanto
699 3768 770 3839 Typi
778 3786 871 3821 omnes
883 3784 1036 3838 perperam,
1047 3764 1165 3817 Nicanor.
1174 3762 1211 3815 H.

144 3862 173 3902 et
186 3844 447 3919 pretiumacoedere.
462 3871 474 3891 ι
491 3846 584 3902 Hsun.
741 3867 767 3918 7.
782 3847 854 3899 Illam
869 3846 1030 3899 sandaresum.
1043 3843 1084 3893 De
1100 3858 1152 3911 qus
1170 3838 1211 3893 di·
1270 3853 1274 3863 ’

189 3934 217 3990 4.
234 3927 270 3978 Et
283 3927 321 3977 lu'c
335 3945 423 3983 mares,
442 3938 491 3977 etc.
507 3926 586 3978 Utin
598 3945 655 3980 cer·
699 3938 770 3979 mum
783 3938 821 3979 est
831 3926 908 3979 initio
925 3926 1003 3993 hujus
1013 3939 1071 3990 cap.
1085 3920 1174 3971 liano.

146 4006 351 4075 buneulis,oap.
369 4004 523 4059 n5.·llnu.
652 4048 654 4052 .
740 4008 766 4060 8.
786 4006 903 4058 laludio
925 4012 1055 4053 nascentem
1075 3999 1149 4051 illam.
1170 3998 1211 4050 De

189 4085 216 4137 ὅ.
240 4086 375 4137 Amteritas
396 4084 537 4153 dutmgm't,
553 4084 655 4153 quodam
698 4102 750 4155 qua
767 4083 845 4153 plene
866 4080 947 4135 modo
969 4077 1112 4133 Nicander.
1135 4078 1170 4129 ll.

146 4169 247 4235 uigore,
261 4176 311 4218 ete.
319 4162 436 4235 legend.
447 4188 459 4211 ι
473 4164 508 4217 Et
517 4163 656 4217 hiemares
739 4163 841 4216 XXIX.
863 4180 888 4215 r.
908 4160 1037 4233 lychnites
1053 4156 1174 4227 appetam
1194 4176 1211 4207 c

1021 4250 1084 4340 40³
