3100 5125
475 535 635 604 LIBER
659 537 726 604 XX
736 531 841 602 XVI.
1119 527 1187 602 505

186 668 292 735 Parva
310 678 389 734 sunt
413 681 532 736 cuncta
540 689 641 760 ,quas
658 665 814 751 diximus,
834 679 868 734 et
888 665 1000 734 omnia
1022 664 1080 730 uni
1103 687 1190 732 com·
1208 689 1225 740 7

138 770 282 866 paranda
293 769 472 860 miraculo,
485 787 662 890 antequam
673 795 761 840 nova
774 772 944 865 attingam.
960 770 1007 837 Μ.
1020 755 1180 863 Lepido³⁰
1182 818 1191 851 ,

138 878 178 965 Q.
191 874 311 946 Catulo
332 901 415 945 coss.
408 889 620 982 .pruconstat
640 879 725 946 inter
739 875 1002 971 diligentissimos
1024 889 1193 1004 auctores,

138 973 254 1050 domus
273 979 423 1075 pulcrior
436 1007 504 1050 non
527 983 588 1051 luit
608 987 724 1051 Romae
739 1006 837 1075 quam
856 981 1001 1075 Lepidi
992 965 1136 1074 ipsius³.
1116 978 1194 1048 ’.Αι

138 1086 295 1156 hercule
287 1101 373 1155 intra
393 1110 497 1155 annos
511 1112 610 1156 xxxv
631 1088 745 1158 eadem
764 1089 979 1156 centesimum
998 1084 1107 1154 locum
1126 1109 1195 1152 non

138 1193 291 1266 obtinuit.
314 1194 520 1285 Computet
512 1217 546 1260 m
563 1193 627 1263 bac
644 1194 877 1275 aestimatione,
898 1194 954 1286 qui
976 1189 1083 1277 volet,
1104 1213 1194 1259 mar-

139 1323 269 1366 morum
281 1296 402 1366 molem
410 1323 531 1390 ,opera
544 1299 725 1392 pictorum,
739 1297 905 1392 impendia
919 1296 1057 1391 regalia,
1072 1309 1105 1364 et
1120 1299 1199 1364 c'urn

140 1387 394 1498 pulcherrima³²
415 1401 701 1497 laudatissimaque
724 1417 888 1472 certantes
909 1422 1041 1472 centum
1061 1401 1195 1470 domos:

140 1523 319 1603 posteaque
332 1531 386 1578 eas
398 1508 440 1575 ab
450 1507 742 1577 innumerabilibus
755 1508 845 1577 aliis
837 1534 870 1577 sn
883 1509 973 1577 hunc
988 1506 1073 1576 diem
1084 1508 1197 1574 victas.

139 1613 294 1682 Profecto
306 1613 456 1682 incendia
467 1615 608 1707 puniunt
625 1613 754 1684 luxum:
771 1638 832 1681 nec
851 1627 963 1682 tamen
980 1612 1067 1681 effici
1081 1625 1199 1706 potest,

140 1737 177 1788 ut
191 1744 302 1787 mores
316 1717 465 1811 aliquid
457 1744 528 1812 ipso
542 1720 677 1788 homine
690 1717 861 1788 mortalius
875 1716 1066 1812 intelligant.

192 1825 258 1893 Sed
273 1848 327 1892 eas
345 1848 459 1892 omnes
473 1824 546 1892 duae
563 1825 681 1894 domus
699 1826 861 1894 vicerunt.
883 1825 938 1892 Bis
956 1806 1128 1890 vidimus³³
1143 1846 1198 1889 ur·
1217 1834 1234 1886 8

141 1930 217 1998 bem
238 1943 342 1997 totam
361 1930 448 2022 cings
439 1929 617 2000 domibus
637 1930 842 2023 principum,
864 1913 956 1996 Caii³
959 1917 1022 1996 ⁴et
1041 1927 1201 2058 Nerosnis,

139 2049 175 2104 et
192 2035 292 2127 hujus
316 2034 464 2127 quidem,
485 2060 528 2103 ne
545 2035 626 2133 quid
647 2034 789 2120 deesset,
808 2058 918 2102 aurea.
939 2017 1134 2101 Νιιιιιιιιιιι33
1156 2033 1202 2100 sic

139 2141 332 2208 habitarunt
354 2138 416 2223 illi,
438 2165 494 2233 qus
486 2141 602 2226 hoc
594 2142 769 2235 imperium
789 2140 913 2224 secere,
930 2153 1038 2207 tantas
1059 2137 1153 2206 ad
1121 2161 1198 2204 vm·

142 2245 264 2315 cendas
272 2260 386 2339 gentes
395 2246 645 2340 triumphosque
655 2245 845 2316 referendos
853 2245 895 2313 ab
904 2259 1014 2313 aratro
1029 2227 1098 2312 aut³
1099 2227 1201 2311 ⁶f0c0

141 2429 452 2503 quinquelndeeioerte
462 2431 543 2483 Prisci
551 2435 650 2502 cugno-
693 2429 787 2484 illius
779 2448 807 2481 ιιι
822 2427 920 2482 Palatio
933 2429 1004 2481 luit·
998 2467 1003 2478 .
1020 2426 1094 2480 istius
1106 2447 1121 2480 a
1136 2427 1205 2481 colle

142 2529 206 2564 men
224 2510 312 2562 verius
328 2509 505 2565 existimamus
519 2509 650 2575 inditum,
695 2509 814 2562 Palatino
825 2505 1206 2580 Palatioqueprincipum,to-

142 2610 225 2662 quam
243 2609 275 2642 ex
294 2608 326 2642 eo
344 2589 416 2659 quod
430 2590 542 2643 alterum
553 2608 652 2660 eogno-
695 2603 735 2642 tas
750 2589 834 2641 ferme
848 2588 981 2658 Esquilias
999 2586 1138 2656 occupavit
1155 2603 1161 2637 :
1176 2599 1206 2637 ut

142 2669 424 2738 minem'l'arquinium
433 2670 581 2739 praecessit:
590 2688 652 2721 nam
695 2688 750 2721 non
763 2667 898 2719 immerito
911 2666 984 2719 dees
998 2666 1125 2717 Martialis
1138 2666 1206 2718 ceci-

141 2750 165 2801 si
176 2749 232 2801 bec
241 2767 319 2801 causa
332 2748 415 2811 foret,
430 2760 531 2801 tantum
542 2748 653 2819 Tarqui·
696 2748 766 2799 uerit
780 2747 808 2797 in
821 2747 939 2816 Spectsc.
950 2746 1036 2809 libro,
1050 2744 1143 2815 Epigr.
1159 2762 1183 2797 ιι
1197 2763 1205 2798 ι

141 2828 205 2881 nius
222 2828 306 2898 prior,
324 2840 354 2879 ut
377 2827 516 2881 Africanus
535 2828 619 2898 prior,
638 2845 654 2879 a
700 2837 717 2874 ι·
728 2828 843 2895 Unaque
854 2827 907 2896 jam
925 2837 978 2877 tote
994 2824 1077 2877 stabat
1092 2824 1119 2875 in
1136 2824 1203 2875 urhe

142 2907 233 2959 Plinio
240 2917 252 2970 ‚'
262 2905 356 2965 credo,
370 2904 510 2959 diceretur.
523 2908 614 2959 Hsun.
697 2904 801 2959 doinus.
818 2930 829 2951 ι
843 2904 933 2957 Simile
947 2902 1019 2955 istud
1030 2900 1209 2973 Olympiodo-

187 2986 230 3038 3ο.
244 2986 283 3037 M.
297 2985 395 3054 Lepido.
410 2988 489 3038 Anno
502 2998 562 3055 post
574 2986 654 3055 Syllae
696 2985 736 3046 ri,
763 2984 791 3036 in
821 2983 890 3035 Bibl.
916 2982 1004 3035 Photii
1034 2981 1093 3035 cod.
1119 3000 1209 3045 nxxx,

144 3064 248 3117 obitum
262 3083 269 3116 :
288 3064 371 3116 Urbis
389 3067 459 3135 676,
477 3076 506 3117 ιιι
520 3063 651 3128 diximus,
697 3082 756 3135 pag.
769 3081 820 3133 197
834 3081 841 3115 :
853 3055 893 3122 Εἷς
905 3058 981 3131 dipsa
993 3062 1039 3121 des
1050 3064 1129 3125 nissi,
1139 3062 1209 3121 πιλις

142 3162 202 3214 cap.
220 3147 247 3198 8.
262 3142 351 3195 Hsnn.
377 3185 379 3189 .
445 3176 448 3180 ›
699 3143 940 3212 ἄςιιιμυρίιιτιύχιι.
956 3140 1209 3193 -Uuadomusurbs

187 3222 235 3275 31.
261 3215 348 3289 Lepidi
371 3225 453 3291 ipuim.
476 3223 529 3287 Qui
554 3224 655 3294 primus
699 3219 940 3291 estzurbs'oppids
953 3220 1067 3290 plurima
1080 3217 1205 3272 claudit.-

144 3319 264 3355 msrmor
275 3300 566 3367 Numidicumiuvesit,
577 3321 656 3372 supra
699 3301 854 3364 Suetonius,
868 3300 896 3351 in
915 3299 1033 3357 Nerone,
1049 3316 1107 3369 cap.
1122 3314 1209 3350 xxxr:

146 3399 208 3450 cap.
220 3383 236 3433 6
252 3381 331 3449 hujus
342 3381 414 3433 libri.
429 3382 498 3433 Dis.
703 3382 842 3432 «Domum
852 3378 973 3431 aPslatio
986 3378 1120 3449 Esquilias
1128 3395 1211 3447 usque

189 3458 236 3511 32.
262 3460 300 3511 Et
327 3478 378 3509 cum
399 3461 566 3529 pulcherrima.
588 3460 657 3513 Cum
700 3459 777 3523 fecit,
801 3476 879 3529 quam
904 3457 993 3527 primo
1016 3456 1209 3520 transitoriam,

146 3539 186 3590 Μ.
201 3536 296 3607 Lepidi
311 3536 401 3590 domo.
417 3538 508 3591 Hsnn.
699 3556 761 3591 mox
786 3534 911 3590 incendio
932 3537 1113 3607 absumptam,
1135 3535 1212 3587 resti·

189 3618 236 3670 33.
248 3618 293 3668 Bis
307 3617 419 3671 uidimus.
434 3604 657 3688 vulgatumillud
701 3630 844 3687 tutamque,
855 3616 967 3667 Auream
977 3616 1132 3678 nominavit,
1140 3624 1208 3665 etc.»

147 3696 176 3749 in
191 3714 249 3747 eam
262 3715 318 3747 rem
333 3695 368 3749 de
381 3696 486 3748 Nerone
497 3714 601 3749 carmen
615 3716 658 3749 re·
699 3697 756 3749 Et'
749 3716 777 3749 ιιι
798 3696 919 3759 Othon,e
941 3712 999 3765 cap.
1014 3712 1079 3746 vir·
1097 3691 1212 3755 Quin·

147 3774 212 3827 citst
240 3774 428 3845 Tranquillus,
452 3776 481 3827 in
509 3778 564 3846 ejus
586 3776 656 3839 vita,
701 3776 801 3847 genties
820 3773 966 3827 sestertium
987 3772 1021 3825 ad
1035 3768 1212 3843 peragendam

148 3871 207 3923 esp.
223 3873 322 3906 xxxix:
344 3857 455 3907 «Roma
477 3853 573 3908 domus
586 3856 654 3908 liet:
702 3856 806 3908 Neronis
820 3856 933 3906 Auream
947 3852 1055 3905 domum
1073 3850 1139 3902 ouo
1154 3848 1214 3902 sub-

148 3933 232 3985 Veios
245 3934 368 4003 migrate,
382 3933 499 3997 Quirites
512 3934 556 3986 ,δι
568 3947 660 3987 nosset
703 3934 841 4003 scripsit·
831 3934 949 3985 annn.

150 4011 233 4063 Veios
248 4023 361 4083 occupat
376 4014 424 4066 istu
440 4012 543 4065 domus.
557 4039 569 4059 ι
585 4012 620 4065 Μ.
744 4011 791 4065 35.
806 4014 934 4065 Nimirum.
956 4008 1060 4060 Dictum
1078 4008 1212 4077 ιῖρωιιιιᾶις.

193 4088 239 4153 34.
264 4091 319 4145 Caii
339 4104 363 4142 et
387 4093 499 4147 Neronis.
520 4091 576 4145 Caii
596 4093 662 4147 Ger·
705 4093 797 4144 Hsun.

151 4170 250 4223 manici
260 4170 378 4233 Cesuris,
390 4184 416 4224 et
426 4172 548 4225 Neronis.
559 4172 661 4225 Domus
747 4170 792 4223 36.
810 4171 852 4223 Aa
867 4180 948 4222 aratro
964 4177 1008 4219 aut
1014 4167 1082 4232 foco.
1101 4166 1140 4218 Ab
1155 4182 1211 4221 ιιι-
