3100 5125
467 487 618 554 LIBER
643 483 821 554 XXXIV.
1102 489 1171 561 205

102 646 230 715 magno
248 618 367 689 melius
381 617 486 688 bandi.
505 622 652 714 Sequens
666 633 890 714 temperatura
911 621 1092 690 statuaria¹¹
1106 640 1170 711 est,
1192 633 1207 685 3

102 727 291 821 eademque
306 723 483 811 tabularis,
498 724 563 794 boc
574 725 675 794 modo
694 747 701 788 :
721 749 830 794 massa
848 719 1089 820 proflatur¹²in
1103 733 1171 824 pri·

103 837 188 918 mis,
205 857 284 901 mox
298 834 341 929 inx
351 830 529 926 proflatum
544 831 676 900 additur
689 832 785 899 tertia
802 833 911 924 portio
931 834 1004 902 aeris
1020 833 1171 905 collecta·

104 939 255 1021 nei‚b0c
266 952 327 1021 est,
339 963 380 1005 ex
390 961 452 1005 usu
462 936 794 1032 coemptiPeculiare
805 939 839 1003 in
849 923 915 1004 e0'³
925 938 1172 1010 condimentum

104 1046 224 1112 attritu
237 1044 373 1126 domiti,
385 1057 419 1110 et
434 1043 671 1112 consuetudine
689 1044 806 1111 nitoris
823 1040 923 1111 veluti
944 1047 1170 1116 mansuefacti.
1229 1057 1235 1070 '

105 1136 324 1219 Miscentur¹⁴
345 1163 379 1216 et
396 1147 523 1243 plumbi
538 1150 713 1243 argentarii
731 1141 843 1242 pondo
866 1147 1018 1219 duodena
1035 1175 1074 1220 ac
1093 1151 1170 1221 seli-

106 1254 194 1338 brae,
212 1256 361 1324 centenis
378 1255 519 1348 probati.
538 1252 733 1347 Appellatur
746 1256 926 1322 etiamnum
943 1270 978 1325 et
993 1256 1139 1326 formalis
1148 1245 1171 1282 ¹⁵

108 1376 336 1455 temperatura
351 1363 423 1428 aeris
437 1361 618 1446 tenerrimi,
633 1361 789 1454 quoniam
803 1361 887 1454 nigri
903 1359 1029 1454 plumbi
1043 1362 1170 1432 decima

108 1469 220 1561 portio
248 1466 399 1552 additur,
420 1479 455 1534 at
479 1468 655 1560 argentarii
685 1466 843 1559 vigesima
866 1487 873 1530 :
896 1467 1102 1562 maximeque
1128 1471 1173 1538 ita

110 1571 257 1642 colorem
276 1572 373 1657 bibit,
390 1596 488 1665 quem
509 1573 728 1666 graecanicum
749 1585 880 1642 vocant.
903 1574 1086 1641 Novissima
1107 1588 1172 1658 est,

110 1705 182 1774 quae
202 1692 343 1747 vocatur
369 1677 502 1764 ollaria,
522 1702 599 1745 vase
619 1702 739 1746 nornen
760 1677 826 1746 boc
852 1677 971 1766 dante,
990 1681 1090 1748 ternis
1116 1695 1174 1748 aut

110 1786 278 1878 quaternis
293 1784 384 1852 libris
400 1782 526 1878 plumbi
544 1785 721 1877 argentarii
734 1785 769 1851 in
788 1797 942 1852 centenas
959 1785 1030 1854 aeris
1045 1785 1171 1854 additis.

112 1894 235 1986 Cyprio
262 1893 290 1959 si
312 1889 452 1958 addatur
474 1888 666 1983 plumbum,
694 1888 786 1958 colos
805 1912 960 1984 purpurae
987 1888 1025 1959 lit
1046 1892 1079 1958 in
1105 1905 1172 1960 sta·

112 2011 242 2066 terarum
265 1996 440 2092 praetextis.

163 2105 259 2171 xxl.
281 2104 359 2171 AEra
377 2099 526 2170 extersa¹
544 2101 728 2195 rubiginem
747 2099 885 2171 celerius
905 2103 1061 2188 trahunt,
1075 2127 1174 2196 quam
1194 2125 1205 2158 ¹

115 2208 277 2302 neglecta,
300 2209 361 2276 nisi
384 2205 458 2276 oleo
486 2222 721 2302 perungantur.
755 2204 906 2275 Servari²
929 2232 967 2276 ea
988 2211 1112 2302 optime
1141 2214 1174 2277 in

116 2314 234 2407 liquida
253 2316 327 2408 pice
344 2313 488 2382 tradunt
516 2315 607 2382 Usus
627 2315 699 2382 aeris
719 2312 760 2380 ad
783 2314 1036 2406 perpetuitatem
1058 2339 1175 2382 monu-

116 2549 145 2583 eo
168 2529 246 2597 loeo,
266 2526 339 2581 unde
366 2544 415 2580 noa
446 2537 526 2597 caput
553 2524 623 2579 rice·
666 2535 719 2587 eat,
745 2535 771 2577 et
793 2519 935 2595 quemdam
956 2523 1040 2577 relati
1062 2524 1176 2579 nitorem

116 2611 208 2663 simum
233 2607 361 2679 auspicati
382 2625 486 2670 snmus,
511 2620 542 2659 nt
567 2606 624 2677 ipsa
667 2604 756 2657 traxit.
772 2603 864 2657 Haau.

116 2700 308 2742 commonstrat
329 2685 448 2739 Pliniana
473 2686 567 2738 ontio,
591 2686 625 2737 In
711 2684 907 2747 radiarentur.
921 2682 1024 2737 Colossi
1035 2694 1179 2755 equms,

117 2770 190 2824 MSS.
209 2788 294 2841 porro
298 2769 393 2836 frigori
403 2784 491 2835 magno
503 2764 625 2835 legimus.
667 2761 797 2816 similem
818 2775 924 2826 statute,
938 2782 992 2815 uon
1006 2781 1037 2815 ex
1053 2764 1110 2815 solo
1127 2782 1178 2816 aare

116 2848 147 2901 ll.
165 2880 205 2893 -
220 2848 340 2917 Frigore,
359 2859 408 2899 etc.
430 2845 503 2915 Ignis
520 2862 626 2915 semper
667 2841 826 2906 conflantur,
848 2840 894 2894 aed
910 2860 971 2912 pars
989 2842 1077 2913 aliqua
1091 2844 1177 2895 stanni

117 2928 199 2981 acrior
213 2928 303 2980 bieme
319 2944 397 2998 quam
415 2937 517 2989 αἰκίας
532 2937 559 2977 et
570 2942 625 2994 quo
668 2920 859 2975 cornubiensis
879 2919 1047 2987 admiscetur,
1066 2936 1096 2974 ut
1114 2923 1177 2975 faci·

118 3011 199 3077 majus
220 3008 317 3077 frigus,
343 3023 375 3057 eo
396 3004 464 3075 ignia
481 3004 578 3067 acrior,
596 3014 627 3055 nt
668 3001 719 3055 lius
731 3020 765 3053 scs
776 3001 863 3053 lusum
874 2999 938 3053 fluat
954 3014 1036 3053 :tunc
1049 3002 1177 3073 appellari

118 3100 218 3141 consmt
240 3084 428 3159 experimentis
447 3082 489 3135 cl.
506 3081 626 3135 Micbeli.
668 3081 735 3134 solet
761 3080 858 3132 branae.
881 3080 909 3132 Si
934 3098 995 3132 cum
1020 3094 1126 3133 centum
1145 3081 1178 3133 li·

119 3168 201 3221 um,
668 3160 724 3213 bris
736 3160 794 3213 oris
808 3160 967 3213 misceantur
980 3159 1075 3230 viginti
1088 3158 1178 3230 pondo

158 3266 203 3299 rr.
215 3246 321 3320 Sepuem
334 3255 491 3313 temperatura
506 3245 627 3293 statuaria
667 3238 754 3292 stanni
775 3238 971 3309 purgatissimi,
992 3251 1101 3291 vocetur
1123 3258 1179 3291 me·

120 3338 164 3392 est,
183 3340 234 3380 etc.
254 3325 300 3378 Ad
314 3337 411 3379 statuae
430 3320 579 3386 iaciendas,
601 3333 629 3373 et
669 3320 779 3381 tellum,
792 3330 823 3370 ut
840 3319 866 3371 in
881 3318 1013 3387 campanis
1027 3318 1180 3371 tormentit·

71 3456 75 3468 ,
120 3404 298 3459 adducendas
311 3404 412 3457 tabulae
429 3420 529 3462 aneas,
545 3401 627 3453 altera
670 3416 722 3470 que
742 3398 887 3468 ignivomis
909 3396 968 3449 fieri
989 3398 1062 3451 solet.
1088 3398 1180 3451 Simile

120 3486 175 3538 baec
196 3498 348 3557 opportuna
372 3482 430 3536 acris
451 3492 628 3551 temperatura
670 3477 734 3530 buic
747 3477 803 3530 lere
817 3491 869 3541 est,
882 3477 909 3528 iu
922 3495 976 3547 quo
987 3476 1125 3547 plumbum
1138 3496 1180 3530 ar-

121 3578 166 3619 eat
182 3564 275 3618 lirun.
671 3555 817 3635 gentarium
841 3555 980 3609 admisceri
1002 3557 1109 3610 solitum
1127 3556 1180 3609 Pli-

162 3664 205 3699 ta.
219 3645 305 3696 Massa
319 3642 447 3713 proflatur.
466 3638 568 3693 Flando
586 3657 628 3692 re·
671 3636 732 3689 nius
740 3636 779 3690 ait
786 3636 838 3689 boc
850 3635 901 3689 loc.
909 3634 982 3705 quod
991 3633 1090 3689 idcirco
1101 3636 1180 3687 album

121 3724 239 3777 solvitur.
253 3723 342 3776 Ham
672 3736 705 3769 oes
720 3716 852 3788 appellat,
869 3715 952 3778 XVI,
967 3735 1012 3769 aa.
1028 3717 1118 3768 Hsuu.

162 3804 205 3857 13.
223 3804 350 3855 Peculium
365 3804 390 3852 in
408 3819 436 3850 eo
447 3798 629 3851 condimentum.
717 3798 760 3849 15.
775 3795 904 3847 Formalis.
916 3792 957 3846 Ad
973 3795 1070 3847 formas
1083 3794 1181 3847 facien-

122 3884 261 3937 Peculiaris
280 3880 376 3935 eoloris
392 3878 561 3942 emendatio,
576 3878 630 3931 ele·
674 3873 736 3938 das,
752 3894 817 3945 pour
832 3875 901 3941 faire
916 3874 957 3925 des
976 3874 1070 3925 montes.
1088 3873 1122 3924 ll.

122 3966 222 4033 gantis,
241 3962 332 4034 gratia.
351 3962 452 4013 Dauo.
473 3989 513 3999 —
534 3960 631 4010 Attrita
714 3955 790 4007 xxl.
811 3972 835 4007 1.
850 3954 919 4006 AEra
932 3966 1041 4016 extersa,
1056 3952 1183 4005 etc.Tot·

124 4044 222 4106 ὡαὶεἱ,
244 4055 269 4094 et
283 4040 452 4093 consuetudine
464 4040 563 4098 nitoris,
580 4049 630 4091 etc.
676 4034 745 4088 idem
761 4030 1054 4095 serbielsidor.XV1,
1071 4031 1162 4099 19.l·l.

125 4121 236 4187 Quando
246 4142 279 4175 ex
290 4120 384 4174 crebro
393 4118 488 4171 attrito
498 4116 630 4171 domitura
719 4133 742 4165 a.
760 4113 865 4167 Servari.
875 4110 971 4165 Isidor.
987 4112 1038 4164 loc.
1052 4110 1096 4164 cit.
1116 4111 1151 4165 Η.
