3100 5125
363 567 371 577 ”
453 567 610 636 LIBER
643 567 824 637 XXXIV.
1103 565 1173 638 233

101 682 286 766 chitectus⁸
300 695 506 768 Alexandriae
515 698 859 795 Arsinoes⁹templum
878 722 1110 769 concamerare
1127 704 1172 768 in-

102 801 308 890 cboarerat‚
325 817 364 871 ut
379 805 414 871 in
429 828 470 872 eo
484 804 695 876 simulacrum
705 805 730 831 ¹⁰
748 807 819 900 ejus
838 831 857 874 e
873 805 961 874 ferro
976 807 1120 900 pendere
1137 810 1172 876 in

102 931 180 976 acre
192 908 374 977 videretur.
391 912 580 982 Intercessit
598 937 689 983 mors
707 927 741 981 et
758 913 871 1007 ipsius,
883 927 916 981 et
929 909 1171 1008 Ptolemaei,qui

101 1013 134 1080 id
156 1017 269 1083 sorori
285 1039 354 1084 suae
366 1016 509 1109 jusserat
525 1016 605 1087 fieri.
771 1033 775 1040 '

155 1123 288 1188 XLIII.
310 1120 523 1192 Metallorum
541 1126 689 1193 omnium
709 1147 794 1192 vena
817 1123 895 1193 ferri
917 1121 1095 1218 largissima
1112 1139 1170 1193 est.
1192 1157 1203 1190 r

104 1226 297 1295 Cantabriae
313 1229 486 1300 maritimae
504 1229 626 1324 parte¹‚
644 1253 744 1324 quam
767 1233 922 1300 Oceanus
945 1227 1056 1311 alluit,
1076 1255 1172 1300 mons

104 1346 275 1427 praerupte
289 1331 393 1416 altus,
413 1334 604 1405 incredibile
621 1335 731 1422 dictu,
746 1350 836 1405 totus
850 1359 890 1404 ex
906 1359 945 1404 ea
963 1338 1099 1405 materie
1112 1351 1173 1422 est,

106 1440 200 1506 utin
225 1439 352 1507 ambitu
374 1441 502 1509 Oceani
524 1440 692 1511 diximus².
712 1433 798 1530 (xv.)
818 1427 975 1510 Ferrum³
998 1465 1171 1511 accensum

108 1545 195 1636 igni,
216 1545 279 1613 nisi
293 1544 432 1614 duretur
451 1548 589 1634 ictibus,
610 1550 844 1641 corrumpitur.
867 1535 1022 1617 Rubensl
1041 1563 1174 1618 nonest

107 1649 217 1718 habile
226 1651 532 1747 tundendo‚neque
543 1669 721 1749 antequam
732 1653 897 1724 albescere
912 1655 1057 1748 incipiat.
1070 1657 1173 1724 Aceto

110 1770 165 1823 aut
182 1755 331 1826 alumine
348 1757 465 1828 illitum
485 1759 525 1830 fit
543 1762 600 1830 seri
618 1758 733 1830 simile.
751 1764 782 1830 A
799 1746 969 1855 rubigine⁵
990 1760 1177 1829 vindicatur
1194 1802 1208 1834 a

111 1885 261 1946 emesa,
278 1878 313 1932 et
334 1889 457 1959 gypso,
479 1880 513 1934 et
530 1864 653 1960 liquida
672 1867 755 1961 pice.
781 1867 862 1936 Haec
882 1879 932 1934 est
953 1880 1174 1959 temperatura

112 1970 266 2038 aGraecis
281 1957 486 2065 antipathia⁶
496 1971 593 2042 dicta.
608 1975 732 2041 Ferunt
742 1972 875 2066 quidam
887 1985 921 2040 et
932 1970 1088 2065 religione
1102 1995 1179 2066 qua·

114 2158 293 2226 Saidasiteua‚
305 2162 388 2215 rerbo
398 2169 538 2234 Μαγνῆτις.
551 2164 621 2217 lliuc
665 2181 727 2216 rum
741 2163 874 2218 inclusum
894 2175 950 2230 est,
968 2163 1005 2217 sic
1026 2164 1127 2230 tenuit,
1147 2177 1178 2218 ut

116 2238 620 2312 ostadesepnlcbrollabometilabala]
665 2241 752 2296 media
774 2261 824 2295 nec
846 2243 932 2295 solum
954 2235 1111 2314 attingeret,
1129 2263 1177 2297 nec

150 2319 176 2372 8.
197 2322 258 2373 Din.
277 2321 429 2375 arbitretur.
445 2320 517 2375 Editi
531 2323 620 2376 bacte-
665 2323 780 2375 culmen.
807 2322 933 2375 Ferreum
955 2321 1116 2375 Mnhumetis
1137 2341 1177 2374 sc-

115 2416 161 2450 nus
174 2399 235 2452 libri
248 2401 402 2454 Dinocrates.
414 2403 480 2473 lieg.
496 2421 511 2454 a
526 2415 553 2454 et
568 2401 620 2456 ch.
665 2402 810 2473 pulchrum
822 2402 849 2453 in
861 2399 968 2453 Medius
978 2401 1100 2466 Talnabi,
1111 2401 1177 2454 Ara-

120 2479 287 2533 Triaoeiaares:
303 2478 375 2533 nnde
402 2499 451 2534 nos
473 2481 622 2533 Dinochares
665 2481 716 2533 bia
737 2482 844 2534 Petraea
867 2478 983 2550 oppido,
1001 2482 1128 2551 magnetis
1149 2480 1175 2532 vi

117 2557 279 2624 effinximns,
299 2572 331 2612 nt
351 2560 399 2614 lib.
420 2580 478 2632 cap.
506 2579 552 2625 11,
573 2561 622 2635 etsi
665 2575 778 2616 mactum
797 2557 959 2631 suspendere
978 2559 1073 2613 Turcsa
1090 2560 1177 2613 conati

116 2637 220 2709 qnidam
239 2639 278 2693 ibi
293 2660 308 2693 a
326 2641 405 2693 nobis
422 2642 494 2694 citati
512 2641 623 2713 scripto·
665 2654 738 2694 sunt.
753 2641 823 2692 Dar..

117 2736 170 2782 res,
185 2720 350 2771 Dinocrasen.
371 2722 407 2773 At
423 2719 558 2773 Ausonios
571 2721 623 2774 boc
705 2721 807 2773 XLIII.
833 2736 858 2773 1.
884 2718 1026 2772 Cantabria
1050 2722 1177 2771 maritinoe

116 2796 200 2867 ipsum
220 2798 254 2851 de
275 2817 380 2851 camera
397 2801 541 2871 magnetica
561 2818 622 2853 nas·-
662 2811 741 2871 parte.
754 2800 830 2851 Vena
839 2796 883 2850 illa
894 2798 956 2850 ferri
969 2797 1113 2869 largissima
1124 2810 1175 2863 est,

116 2894 188 2941 raas,
199 2877 273 2949 quod
281 2878 385 2931 Plinius
393 2879 444 2932 boc
457 2882 516 2932 loco
527 2880 621 2944 refert,
665 2880 763 2932 ns'nedc
773 2876 947 2930 Sonnrnrostro
954 2878 1016 2929 daras
1023 2878 1047 2927 la
1058 2878 1175 2951 Bisrnys,

116 2956 290 3011 Dinocharem
313 2960 449 3029 appellat:
470 2956 551 3030 Idyll.
566 2960 622 3023 IX,
665 2958 701 3011 de
716 2976 769 3031 qua
790 2956 990 3027 diligentissime
1010 2956 1115 3028 scripsit
1136 2958 1176 3011 Cl.

119 3036 165 3102 rel,
178 3050 211 3090 ut
222 3038 270 3091 alii
283 3038 327 3103 X,
340 3057 365 3090 r.
378 3039 451 3091 310:
466 3060 477 3083 ι
491 3036 623 3091 Conditor
665 3039 791 3099 Bonam,
805 3036 970 3090 Introduction
981 3038 996 3087 d
1007 3036 1127 3089 I'lsistoire
1136 3057 1178 3088 na-

117 3114 155 3169 bie
167 3116 256 3170 forsan
272 3118 353 3170 fuerit
365 3116 544 3170 Ptolemaidos
556 3117 623 3169 aulas
666 3119 750 3171 sumile
762 3118 923 3186 d’ls'spagne,
937 3133 997 3187 pag.
1014 3115 1081 3168 das.
1092 3116 1175 3169 Bnor.

117 3195 294 3252 Dinochares:
306 3194 462 3266 quadrocui
474 3196 502 3248 in
520 3196 623 3267 fastigia
708 3216 735 3251 a.
751 3197 874 3249 Dicimus.
887 3196 948 3248 Lib.
962 3196 1014 3257 tv.
1027 3212 1086 3266 cap.
1100 3196 1136 3260 34
1149 3196 1177 3247 in

117 3292 180 3329 cono
186 3274 278 3347 Surgit
291 3297 297 3326 :
311 3288 338 3328 et
351 3276 408 3346 ipsa
419 3294 478 3328 suas
491 3277 625 3331 consumit
666 3276 728 3330 line.
741 3276 833 3329 Hasn.
923 3307 926 3313 ·

117 3354 230 3427 pyramis
240 3356 350 3409 umbras
363 3374 370 3406 s
381 3355 520 3409 Jussnsob
531 3356 624 3408 incesti
708 3357 736 3410 3.
761 3355 871 3407 Ferrum.
893 3353 938 3407 Ab
960 3353 1002 3407 liis
1017 3352 1104 3406 verbis
1124 3354 1179 3407 Pli-

116 3434 160 3505 qni
172 3432 309 3505 quondam
327 3433 412 3487 loedus
434 3434 531 3487 amoris
548 3435 623 3488 Arsi·
665 3435 738 3487 niani
750 3432 865 3487 editores
879 3452 979 3485 norum
997 3447 1077 3505 caput
1092 3434 1179 3505 auspi-

116 3532 182 3566 noen
195 3514 286 3567 Pharii
299 3514 472 3583 suspenditin
485 3532 545 3568 aere
556 3527 623 3568 tem·
667 3515 718 3568 cati
729 3514 837 3567 titulum
850 3512 996 3583 scripsere:
1013 3514 1053 3565 Da
1063 3525 1178 3582 tempera·

116 3592 160 3662 pli.
174 3620 186 3639 ι
203 3591 368 3646 videntem
384 3592 624 3664 Augustiuum‚de
667 3606 722 3645 tura
734 3594 808 3661 saerri.
828 3593 915 3657 Quem
935 3592 1035 3664 praefigi
1056 3606 1180 3663 oportere

117 3672 391 3735 ctv.1>et.xxt,6.
406 3674 496 3726 llann.
665 3692 725 3745 cap.
746 3680 793 3736 ir,
815 3685 840 3725 et
860 3684 1063 3739 argumentum,
1082 3684 1107 3724 et
1126 3672 1179 3746 {li-

155 3770 182 3821 9.
194 3754 320 3804 Arsinoes.
332 3751 399 3817 Quae
411 3752 546 3805 Ptolemaei
561 3752 623 3805 Phi·
665 3753 761 3805 nianns
774 3750 964 3820 1ndcx,qaeur
981 3749 1128 3814 edidimus,
1139 3751 1180 3802 in-

116 3828 230 3904 ladelpbi
252 3843 279 3884 et
297 3850 381 3891 soror,
402 3843 430 3884 et
446 3834 541 3904 conjux
557 3833 623 3898 tuit,
667 3831 745 3885 dicat.
758 3833 860 3883 Iocum
881 3831 953 3882 hunc
968 3848 1051 3900 porro
1067 3828 1179 3881 totidem

116 3922 145 3964 ut
158 3909 276 3964 diximus
290 3911 344 3967 vl,
358 3910 407 3963 32.
420 3910 512 3963 Hann.
667 3912 756 3965 verbis
771 3907 892 3962 Isidorus
912 3910 1066 3980 exscripsit,
1088 3908 1179 3978 Origg.

158 4008 202 4043 so.
230 3990 266 4043 Ut
288 3994 314 4041 in
334 4010 362 4042 ao
387 3990 539 4044 sdsnhcmns
564 3993 623 4060 ejus.
668 3991 751 4051 XVI,
767 4008 810 4041 ao.
826 3988 919 4041 Hann.

116 4068 146 4121 ln
161 4067 321 4123 Alexandria
336 4070 443 4142 AEgypti
458 4070 626 4140 laquearibus
710 4076 736 4132 4.
752 4070 856 4121 liabens.
872 4066 970 4121 Isidor.
984 4068 1035 4119 loc.
1049 4066 1093 4117 cit.
1105 4064 1139 4119 ll.

117 4150 209 4219 templi
222 4149 326 4219 Serapis
337 4167 444 4219 magnes
454 4150 550 4203 infixus
559 4188 568 4212 ,
578 4162 626 4202 sta-
710 4149 736 4200 5.
753 4151 779 4199 A
796 4150 910 4217 rubigine.
927 4144 1024 4199 isidor.
1034 4145 1052 4197 l.
1067 4162 1092 4197 c.
1105 4146 1139 4198 li.

117 4238 188 4280 tuam
207 4246 321 4293 eneam,
340 4229 367 4281 in
382 4230 457 4299 cujus
472 4229 559 4299 capite
575 4230 625 4283 ser·
710 4232 737 4281 (i.
766 4228 920 4297 Antipatlia.
949 4218 1114 4291 livinitus,
1141 4224 1182 4277 sis
