3100 5125
479 501 633 569 LIBER
657 503 815 571 XXXV.
1107 501 1177 588 425

125 647 248 702 tantum
266 633 454 719 assumitur,
462 631 591 701 inutilis
609 633 886 703 versicoloribus:
906 647 939 700 et
957 647 1008 702 est
1024 631 1178 706 vilissima

125 741 268 808 omnium
287 736 440 808 Cimoliae
450 762 607 831 generum
625 761 633 802 τ
650 741 824 834 pretiosior
838 739 1019 826 Umbrica,
1035 755 1068 810 et
1080 766 1177 836 quam

124 859 242 913 vocant
266 868 393 912 saxum
418 845 605 938 Proprietas
626 847 696 914 saxi
706 844 741 932 ¹⁰,
762 845 852 938 quod
873 846 991 915 crescit
1008 846 1042 913 in
1067 871 1178 917 mace·
1198 853 1213 904 3

126 950 224 1018 raudo
238 975 247 1016 ε
259 963 361 1043 atque
371 949 518 1042 pondere
531 951 662 1038 emitur,
675 949 730 1019 illa
741 949 931 1020 mensura¹¹.
939 951 1100 1022 Umbrica
1111 979 1179 1023 uon

124 1057 182 1123 uisi
197 1054 361 1150 poliendis
379 1056 524 1125 vestibus
536 1057 722 1125 assumitur.
734 1057 851 1150 Neque
862 1059 948 1126 enim
960 1057 1177 1151 pigebithauc

124 1185 251 1254 quoquc
268 1175 395 1256 partem
410 1163 589 1256 attingere,
607 1187 710 1256 quum
724 1161 777 1230 lex
790 1160 951 1232 Metella¹¹
965 1177 1069 1232 exstet
1081 1163 1176 1234 fullo·

124 1266 214 1335 nibus
245 1266 350 1353 dicta,
375 1291 475 1361 quam
501 1269 540 1336 C.
562 1267 763 1351 Flaminius,
792 1271 830 1337 L.
850 1267 1000 1337 AEmilius
1024 1294 1176 1340 censores

123 1371 239 1441 dedere
251 1372 293 1440 ad
304 1370 464 1466 populum
475 1372 653 1442 ferendam.
663 1373 755 1442 Adeo
771 1375 881 1442 omnia
896 1374 1074 1468 majoribus
1089 1401 1175 1446 curae
1196 1397 1210 1444 t

49 1464 54 1481 .
123 1477 220 1545 fuere.
246 1481 338 1572 Ergo
355 1478 439 1547 ordo
453 1478 509 1547 hic
522 1494 588 1554 cst:
603 1480 747 1574 primum
764 1480 908 1548 abluitur
923 1465 1047 1548 vcstis¹³
1062 1481 1180 1565 Sarda,¹

122 1581 193 1651 dein
216 1583 376 1678 sulphure
395 1583 548 1654 suffitur:
574 1609 651 1654 mox
671 1584 904 1679 desquamatur
925 1583 1083 1673 Cimolia,
1104 1611 1177 1680 quar

121 1704 168 1757 est
184 1687 305 1758 coloris
316 1691 395 1758 veri.
405 1693 432 1757 F
434 1704 548 1759 ucatus
561 1692 648 1759 cuim
660 1690 935 1785 deprehenditur,
948 1692 1176 1786 nigrescitque,

120 1808 154 1861 et
176 1794 325 1863 funditur
345 1795 515 1890 sulphure.
536 1799 643 1865 Veros
667 1811 776 1865 autem
805 1811 838 1866 et
860 1798 1020 1890 pretiosos
1048 1797 1175 1868 colores

121 1899 244 1970 emollit
264 1901 424 1986 Cimolia,
445 1915 479 1970 et
494 1900 638 1994 quodam
658 1904 766 1970 nitore
784 1901 943 1972 exhilarat
967 1905 1176 1974 contristatos

122 2005 288 2100 sulphure.
306 2007 464 2076 Candidis
482 2007 629 2075 vestibus
652 2031 768 2077 saxum
793 2006 904 2086 utilius
913 1994 937 2038 ¹⁴
960 2031 978 2075 a
1001 2007 1178 2102 sulphure,

121 2111 286 2181 inimicum
307 2111 480 2181 coloribus.
505 2113 633 2182 Graecia
652 2139 714 2207 pro
738 2111 879 2182 Cimolia
897 2113 1101 2206 Tymphaico
1120 2117 1179 2184 uti·

120 2231 173 2286 tur
185 2204 328 2313 gypso¹⁵.

121 2382 148 2434 iu
157 2384 247 2438 dolui.
260 2396 310 2439 act.
318 2385 370 2450 1v,
380 2402 450 2438 scen.
459 2388 513 2452 9,6
527 2401 534 2436 ε
549 2410 561 2431 ι
570 2383 628 2448 Qui
670 2401 762 2436 eorum
772 2382 990 2454 cognominibus,
1003 2383 1050 2454 qui
1059 2383 1128 2454 leges
1137 2396 1179 2437 tu·

121 2463 253 2517 restituet
268 2476 339 2517 creta
352 2463 485 2516 occultant
503 2481 573 2527 sese,
589 2476 628 2516 at·
669 2462 741 2527 lere,
758 2463 962 2532 appellationem
987 2481 1029 2516 eas
1051 2463 1179 2534 accepisse

122 2561 172 2613 que
188 2542 300 2609 sedent,
313 2543 389 2615 quasi
402 2543 456 2596 siut
468 2542 549 2613 frugi.
564 2570 575 2592 ·
594 2543 629 2596 fl.
669 2560 724 2595 nou
739 2540 894 2597 diffitemur.
909 2540 961 2595 Sed
975 2541 1113 2595 transierat
1123 2542 1179 2595 Me·

121 2654 157 2663 -—
168 2624 198 2675 In
210 2624 323 2677 mribus.
348 2624 381 2675 Iu
402 2623 487 2676 insula
507 2623 628 2688 Cimolo,
670 2621 726 2675 telli
737 2638 884 2693 cognomen
892 2622 920 2675 iu
927 2621 1068 2694 proprium
1080 2640 1177 2675 nomen

122 2703 294 2773 l'Argeuuem
315 2701 348 2758 sd
368 2700 527 2755 dealbandas
543 2715 628 2756 restes
669 2701 776 2754 familias
786 2700 968 2755 Metellorum.
981 2700 1179 2755 lisam—Cen·

122 2781 272 2835 etiamnunc
305 2796 374 2835 terra
402 2781 516 2839 Cimolia
547 2794 628 2835 utun·
669 2799 742 2833 som.
763 2784 843 2833 Auno
857 2780 957 2835 scilicet
970 2780 1052 2833 Urbis
1067 2778 1179 2835 conditu

123 2873 174 2915 tur.
184 2863 238 2917 Eu.
672 2859 727 2919 ⁵35
738 2872 787 2925 ,ut
799 2859 922 2913 Broteric
937 2860 1030 2930 placet.
1047 2861 1099 2913 Eu.

163 2960 205 2995 ro.
227 2942 368 3010 Proprietas
390 2945 454 2993 sexi.
478 2940 630 3009 Proprietas
713 2937 757 2993 sd.
770 2940 878 2992 Primum
887 2940 993 2991 abluitur
1004 2943 1078 2991 uestis
1088 2937 1178 2991 Sarda.

123 3022 176 3089 ejus
194 3033 289 3083 creta,
314 3038 393 3091 quam
409 3037 501 3072 sexum
515 3032 627 3086 vocant,
670 3017 762 3071 Primo
773 3030 857 3071 vestes
868 3019 1013 3071 abluuntur
1028 3015 1110 3071 Surda
1122 3036 1180 3071 cre·

124 3097 196 3166 quod
210 3099 305 3153 crescit
314 3099 379 3151 dum
388 3117 456 3169 aqua
471 3112 626 3153 maceratur.
669 3097 815 3151 ta:deiude
825 3097 1174 3168 sulphuresull'umigautur:

125 3176 213 3235 Hann.
670 3196 733 3230 mor
745 3175 952 3247 desquamautur
962 3178 1090 3241 Cimolia,
1104 3178 1179 3246 cujus

162 3254 629 3311 rutilamurusddaveromen·
669 3256 744 3309 color
764 3257 799 3309 sit
821 3256 945 3310 sincerus.
969 3257 1081 3310 Fucctus
1108 3255 1178 3309 euim

121 3354 179 3389 sura
192 3336 299 3389 emitur.
313 3336 404 3389 Haau.
670 3333 892 3407 deprehenditur,
902 3348 950 3389 etc.
965 3335 1180 3389 Herm—Fun·

162 3434 205 3469 ra.
219 3416 271 3467 lec
279 3416 388 3471 Metella.
399 3416 490 3468 Lutaur
501 3415 563 3468 cM.
571 3415 628 3468 Mc·
671 3415 738 3467 ditur
751 3416 870 3485 sulphure.
885 3415 970 3469 Gron.
984 3428 1011 3469 ct
1021 3414 1064 3469 Al.
1074 3414 1182 3483 effundi-

122 3494 194 3558 tilio,
216 3494 264 3565 qui
277 3494 384 3547 tertium
404 3495 527 3554 tribunus
543 3495 629 3566 plebis
672 3496 782 3547 sunau.
1259 3484 1262 3491 Δ

121 3573 201 3628 luisse
215 3572 403 3639 dicitur,enn.
419 3573 455 3625 U.
476 3572 548 3639 354,
564 3574 628 3627 olim
714 3579 759 3637 16.
778 3572 895 3627 Candidis
907 3572 1013 3627 uestibus
1032 3592 1116 3625 sarum
1135 3576 1182 3625 uti·

121 3652 186 3705 alios
196 3653 303 3722 sequuti
317 3651 450 3706 diximus:
463 3671 536 3705 nuuc
557 3653 630 3705 timi-
672 3654 726 3706 lias.
753 3650 880 3707 Candidis
895 3654 1012 3705 vestibus
1031 3664 1101 3705 creta
1125 3652 1182 3704 vul-

121 3730 210 3785 diursu
228 3733 307 3797 lacti,
319 3752 335 3785 a
350 3732 480 3786 constanti
500 3750 630 3785 consensu
672 3732 755 3804 geris,
769 3750 828 3803 quse
841 3750 931 3785 saxum
948 3744 1075 3797 vocatur,
1090 3731 1181 3783 utilior

121 3811 252 3864 librorum
271 3812 392 3867 omnium
403 3809 554 3871 discedere,
568 3811 630 3865 reli-
672 3825 725 3877 est,
737 3824 877 3883 postquam
893 3812 1021 3881 sulphure
1034 3821 1096 3862 suut
1106 3809 1180 3863 suffi-

122 3890 194 3959 gioui
202 3889 331 3945 ducimus.
342 3893 434 3962 Itaque
445 3892 529 3963 legem
537 3891 630 3944 Metel·
673 3903 720 3945 tsr:
732 3890 839 3944 inimice
857 3891 989 3952 restibus,
1001 3908 1060 3959 ques
1071 3888 1126 3943 sint
1136 3907 1182 3943 co·

122 3969 174 4021 lam
189 3971 365 4041 reposuimus.
385 3972 434 4023 Est
446 3969 556 4042 quidem
573 3970 629 4023 Me·
673 3972 730 4024 lore
742 3970 831 4041 aliquo
847 3970 959 4024 infecte.
973 3966 1062 4022 Henn.

124 4048 190 4102 tellus
202 4048 369 4103 Ceciliorum
382 4068 542 4120 cognomen.
551 4056 576 4103 A
584 4070 631 4103 uo-
717 4050 763 4103 15.
780 4050 927 4122 Tynplscr'co
938 4052 1014 4101 utitur
1024 4066 1112 4119 gypso.
1127 4047 1183 4099 No-

124 4127 237 4183 minibus
263 4142 350 4183 autem
376 4129 508 4201 propriis,
528 4149 581 4185 non
598 4131 630 4183 ab
674 4147 736 4183 meu
753 4127 782 4183 id
796 4128 872 4202 gypsi
890 4146 972 4199 genus
986 4127 1182 4197 habetaTyns·
