3100 5125
499 548 655 615 sinna
678 547 861 616 xxxvi.
1138 539 1204 640 507

201 683 279 751 Nou
296 678 460 774 patiemur
479 678 563 747 duos
582 680 695 763 Caius,
714 678 767 748 vel
785 677 868 748 duos
892 677 1062 762 Nerones,
1083 699 1124 744 ne
1144 676 1207 746 hac
1228 707 1260 741 ιο

151 786 284 881 quidem
310 785 413 879 gioria
434 785 530 853 famae
549 785 614 853 frui
630 811 638 853 :
655 784 910 878 docebimusque
930 785 1027 852 etiam
1047 781 1207 852 insaniam

152 917 267 961 eorum
287 893 409 959 victam
426 891 562 983 privatis
583 891 737 984 operibus
757 893 806 959 M.
827 890 961 974 Scauri,
985 889 1078 982 cujus
1098 887 1208 958 nescio

151 1021 195 1065 an
209 981 376 1069 aedilitas⁴3
391 997 531 1064 maxime
548 997 764 1090 prostraverit
774 1021 882 1064 mores
899 994 1027 1079 civiles,
1039 993 1210 1087 majusque

153 1104 196 1172 sit
208 1101 305 1195 Syttae
318 1100 459 1188 malum,
481 1115 571 1170 tanta
588 1103 730 1196 privigni
748 1089 939 1196 potentiam,
956 1125 1054 1194 quarn
1071 1101 1210 1193 proscri-

150 1209 221 1302 ptio
236 1222 286 1276 tot
304 1206 451 1275 millium.
469 1209 531 1275 Hic
546 1207 623 1276 fecit
641 1210 675 1276 in
693 1207 846 1277 udilitate
860 1231 918 1276 sua
932 1231 1015 1300 opus
1030 1207 1209 1274 maximum

150 1315 317 1397 omnium,
337 1338 410 1406 quae
434 1337 591 1407 umquam
616 1313 708 1382 fuere
726 1315 871 1382 humana
894 1335 994 1380 manu
1015 1309 1119 1396 facta,
1140 1335 1208 1380 non

150 1420 350 1512 temporaria
367 1403 504 1501 mora⁴⁵,
525 1443 642 1499 verum
658 1421 757 1488 etiam
772 1420 960 1488 aetcmitatis
981 1417 1207 1486 destinatione.

149 1524 330 1592 Theatrum
346 1525 411 1592 hoc
427 1524 499 1591 fuit.
516 1526 620 1594 Soeua
637 1526 666 1593 ei
680 1511 865 1618 triplex⁴⁶in
880 1522 1084 1592 altitudinem
1097 1543 1257 1594 cunnum

151 1628 396 1712 columnarum,
413 1630 448 1696 in
469 1654 508 1698 ea
527 1630 676 1715 civitate,
698 1655 771 1724 quae
792 1655 848 1700 sex
865 1630 1046 1722 Hymettias
1064 1651 1132 1696 non
1154 1641 1205 1695 tu·

143 1734 235 1821 ierat
257 1737 326 1804 sine
351 1734 475 1828 probro
498 1737 577 1804 civis
601 1723 834 1828 amplissimi⁴⁷.
862 1739 934 1803 lma
956 1759 1034 1828 pars
1060 1757 1166 1802 scenas
1190 1756 1210 1800 e

150 1865 318 1910 marmore
343 1841 427 1909 fuit:
449 1841 591 1910 mediae
613 1843 717 1928 vitro,
734 1841 882 1910 inaudito
903 1843 1001 1910 etiarn
1020 1851 1133 1934 postea
1150 1862 1208 1934 ge-

150 1972 230 2016 nere
244 1946 379 2016 iuxuriae
394 1971 402 2015 ε
417 1971 560 2032 summa,
576 1972 595 2015 e
610 1933 762 2017 tabuiis⁴⁸
778 1949 943 2016 inauratis.
964 1944 1153 2031 Columna,
1173 1957 1212 2012 ut

151 2127 658 2199 unapartecaputcoucordiaetretro,
701 2128 729 2182 id
754 2147 821 2201 opus
847 2127 1013 2181 duraturum.
1034 2127 1214 2197 Temporarium

92 2257 95 2260 ,
150 2228 222 2263 nost.
232 2208 321 2271 Infra,
331 2225 362 2261 rt.
375 2226 441 2260 caro
451 2227 549 2261 saona.
561 2207 661 2259 Marcus
701 2210 800 2278 pariter
814 2207 905 2260 Scauri
918 2209 1024 2277 euripum
1042 2207 1097 2279 ipse
1110 2203 1214 2270 laudat,

152 2289 218 2342 Cato
236 2299 391 2357 propraetore.
412 2287 445 2338 In
467 2288 547 2340 altera
567 2285 660 2339 sedena
702 2288 773 2340 libro
786 2287 843 2354 111,
857 2305 914 2358 cap.
930 2293 973 2349 40.
990 2285 1082 2338 Hann.

151 2368 283 2430 Victoria,
290 2365 408 2420 dextram
415 2365 545 2431 extendit,
555 2365 660 2418 sinistro
743 2370 789 2431 st.
800 2366 877 2418 Scene
888 2370 912 2418 ei
924 2367 1017 2436 tristes.
1027 2363 1085 2416 Huc
1095 2377 1149 2429 est,
1162 2362 1210 2414 tri·

150 2447 266 2499 humero
284 2446 397 2516 palmam
415 2445 489 2516 gerit.
508 2445 598 2508 Infra,
616 2463 661 2497 vs·
701 2447 761 2517 pler
781 2445 964 2498 columnatio:
980 2443 1213 2514 tergeminussur·

150 2544 244 2581 uram.
271 2525 404 2579 Sententia
428 2525 479 2578 sub
502 2524 544 2578 his
567 2525 661 2578 litteris
702 2544 759 2580 sum
771 2543 861 2578 versus
871 2524 1054 2578 columnarum
1067 2521 1142 2575 ordo.
1155 2521 1190 2574 H.

150 2608 236 2659 latens
249 2606 305 2659 hac
318 2618 358 2659 est
371 2626 377 2656 s
390 2627 402 2649 ·
412 2604 531 2659 Victoria
544 2605 661 2674 Impera·
744 2612 792 2674 47.
811 2604 868 2657 Sim
884 2604 979 2672 probm'
991 2606 1047 2655 ciris
1064 2603 1213 2671 amplissimi.

152 2686 219 2738 toris
234 2686 342 2737 Caesaris
348 2684 538 2753 Titiumphalis
549 2684 636 2736 Nona.
646 2708 658 2729 ·
703 2684 747 2737 Ob
760 2702 803 2737 eas
818 2684 857 2736 Μ.
873 2683 972 2736 Brutus
985 2683 1109 2735 Crassum
1121 2682 1210 2733 Vene-

152 2764 290 2833 Coliigate
315 2764 360 2816 hie
385 2775 445 2815 sunt
472 2763 566 2815 littere
586 2760 661 2826 duae,
703 2782 760 2817 rem
774 2762 916 2834 palatinam
931 2761 1044 2815 vocavit.
1059 2762 1159 2814 Danae.
1173 2788 1214 2803 -·-

152 2844 178 2895 T
191 2856 218 2896 et
234 2842 413 2912 quuouiam
429 2859 467 2893 ea
484 2841 519 2894 ud
541 2839 661 2893 eamdem
706 2842 771 2896 Ciris
789 2842 934 2913 amplissimi.
948 2842 979 2892 L.
1000 2840 1103 2903 Crassi,
1122 2850 1152 2892 ut
1171 2836 1214 2890 di-

152 2940 247 2975 vonem
268 2921 408 2992 pertinent·
421 2922 490 2991 Imp.
511 2922 597 2974 Cesar
613 2938 663 2972 no·
704 2934 777 2977 ctum
797 2935 835 2974 est
855 2921 925 2973 libro
946 2920 1117 2990 xvl1,cap.
1141 2936 1166 2983 t,
1186 2930 1214 2971 et

153 3020 216 3054 meu
228 3001 277 3054 fuit
290 3000 394 3054 Octavii
410 3000 531 3064 Caesaris,
544 3012 604 3072 post
615 2998 661 3051 de·
703 3001 766 3055 libri
773 3002 853 3073 hujus
865 3018 921 3069 cap.
935 3000 960 3052 3.
971 2998 1061 3053 Hann.

153 3081 256 3133 victum
277 3080 438 3142 Antonium,
453 3079 596 3149 prasertim
614 3096 662 3130 an·
746 3082 793 3144 48.
806 3080 919 3142 Summa,
934 3099 946 3129 e
964 3078 1123 3131 tabulaeve!
1135 3076 1214 3130 unius

153 3173 260 3230 tequam
271 3161 406 3229 Augustus
420 3160 662 3228 cognominaretur·
704 3158 827 3213 litterulas
838 3158 987 3212 immutatio
995 3168 1212 3229 quantasaenten·
1269 3157 1273 3167 ’

154 3239 245 3291 Esau.
704 3240 802 3293 tiaram
824 3241 961 3292 varietates
984 3237 1091 3302 afferat,
1111 3256 1143 3289 ex
1162 3236 1215 3288 hue

197 3313 522 3387 43.AEdtttm.1nquod
535 3316 581 3367 illa
596 3328 664 3369 tem·
705 3320 766 3371 loeo
784 3318 931 3387 intelligere
952 3317 1028 3381 licet,
1052 3335 1131 3387 quem
1152 3314 1216 3367 iibri

154 3415 207 3467 pus
218 3394 356 3460 inciderit,
370 3406 462 3449 eontm
478 3394 603 3474 Pighinm
621 3393 664 3447 di·
705 3397 806 3468 vulgati
819 3398 944 3450 hacteuus
959 3396 995 3448 sie
1010 3406 1214 3469 repraesentant:

155 3476 328 3546 ximus,cap.
344 3478 369 3528 8.
382 3476 472 3527 Haun-
709 3477 851 3529 «Summa
883 3475 978 3528 tabulis
1010 3475 1137 3528 inauratis
1169 3491 1216 3525 eo·

197 3560 245 3617 44.
262 3555 343 3606 Tasta
348 3556 574 3624 prisipuipotestia.
585 3552 666 3606 Casei·
706 3556 816 3617 lamna,
838 3567 869 3607 ut
891 3554 1024 3607 diximus:
1039 3555 1098 3607 imas
1114 3550 1217 3605 duode-

156 3633 219 3685 liam
240 3633 398 3685 fumauit
418 3631 527 3696 Scauri,
545 3632 665 3703 ejusqui
707 3632 903 3707 quadragenum
913 3632 1021 3704 pedum.
1035 3632 1217 3703 »Atquisum-

156 3714 281 3782 princeps
294 3724 397 3765 senatus
407 3712 472 3776 fuit,
485 3730 609 3775 morem,
619 3713 667 3763 hu·
707 3733 762 3768 mss
775 3714 870 3767 tabulis
881 3713 1005 3766 insui-“atis
1011 3714 1146 3765 columnas
1155 3726 1218 3762 nus

155 3792 200 3861 jus
219 3789 302 3844 aditis
318 3791 409 3845 Scauri
427 3804 575 3862 parentem,
594 3789 666 3861 Sylla
707 3812 787 3865 quam
801 3792 869 3847 dixit
889 3814 896 3845 s
915 3793 1050 3845 columnas
1062 3792 1142 3854 imas,
1158 3806 1218 3859 quas

157 3868 268 3923 duxerat
286 3871 314 3923 in
334 3870 540 3923 matrimonium.
562 3870 665 3923 Plutar·
708 3874 783 3927 fuere
796 3872 893 3926 easdem
911 3873 1045 3933 maximae,
1062 3867 1218 3937 duodequa-

156 3950 265 4002 ehusiu
279 3950 438 4022 Sylla,pag.
454 3948 519 4019 473.
534 3951 625 4003 Hsan.
707 3952 853 4023 diagonum
873 3950 970 4022 pedum
995 3950 1073 4002 fuisse
1097 3947 1218 4017 superius

198 4031 246 4091 4⁵.
253 4030 311 4081 Nou
321 4034 464 4099 umporsn'a
471 4048 546 4082 mora.
555 4030 666 4083 Etiamsi
709 4031 854 4097 admonuit,
867 4049 927 4102 cap.
937 4051 951 4083 a
961 4051 967 4080 ε
979 4052 990 4074 ι
1001 4029 1122 4081 Etiamne
1134 4039 1220 4081 tacue-

156 4124 212 4159 uou
231 4106 338 4163 modico
355 4109 482 4179 temporis
497 4108 601 4178 spatio,
620 4106 667 4162 sed
708 4122 787 4178 runt,
801 4110 902 4181 iuquit,
924 4110 1051 4165 maximas
1069 4126 1161 4161 earum
1174 4125 1219 4160 ou·

158 4185 186 4237 in
202 4203 281 4239 omne
300 4204 385 4255 evum
399 4186 558 4243 destinasset
577 4188 665 4243 auimo
708 4191 878 4256 lamnarum,
891 4202 971 4261 atque
983 4184 1218 4257 adeoduodeqna·
