3100 5125
457 540 612 653 ttBEtt
642 546 828 615 XXXIII.
1133 559 1173 633 51

110 665 229 761 quihus
242 652 387 738 deliciis⁸
401 686 550 743 veneunt
566 654 633 743 tuni
649 676 906 774 innumtaquum
916 666 1060 757 aureas:
1075 718 1178 788 quum

108 774 248 843 mutus
271 774 481 847 interdixisse
499 782 615 851 caetris
632 783 698 852 uuis
712 786 908 879 Spartacum
919 790 954 878 ¹⁰,
970 819 1013 863 ne
1028 800 1102 893 quis
1119 826 1179 872 au·

108 904 181 947 rum
195 879 348 963 heberet,
359 897 421 951 aut
434 900 619 979 argentum.
628 890 736 960 Tanto
751 891 815 961 fisit
828 892 903 988 plus
917 901 1017 969 enimi
1031 903 1180 1001 fugitivis

108 984 272 1055 nosh·is¹¹.
296 988 444 1059 Messala
468 1004 582 1062 orator
607 994 770 1088 prodidit,
791 1000 1006 1073 Antonium¹²
1027 1013 1178 1084 triumvi-

107 1116 178 1161 rum
199 1094 313 1163 aureis
331 1080 466 1163 usum¹³
484 1098 517 1167 in
541 1102 696 1171 omnihus
714 1104 866 1176 obscenis
873 1096 898 1140 ¹⁴
913 1110 1096 1205 desideriis,
1116 1146 1180 1216 pu·

105 1196 214 1267 dudo
232 1187 420 1288 crimine¹⁵‚
441 1204 539 1273 etium
559 1196 786 1302 Cleopatrae¹⁶.
803 1214 948 1286 Summae
970 1223 1059 1315 apud
1084 1241 1213 1319 epte-t

107 1328 156 1373 ros
175 1303 321 1375 licentiae
340 1306 469 1395 fuerat,
492 1311 614 1405 poculo
633 1332 735 1384 aureo
753 1316 901 1412 pulvinis
926 1324 1078 1415 subdito,
1101 1334 1178 1405 Phi·

106 1408 231 1506 lippum
277 1437 391 1507 regem
427 1415 573 1487 dormire
612 1418 744 1490 solitum
776 1442 785 1484 ε
818 1426 992 1521 Agnonem
1003 1431 1028 1473 ¹⁷
1058 1440 1176 1511 Teium

103 1632 134 1688 de
153 1635 258 1705 quihus
281 1636 428 1704 Martialis,
453 1639 523 1694 libro
543 1642 621 1709 xlv,
668 1655 751 1697 totam
776 1646 906 1704 rationem
931 1649 1028 1708 Florus
1053 1658 1178 1729 expedit,

77 1776 82 1785 Ι
102 1715 289 1785 Ερίςτ.ιοπ1,
298 1718 490 1787 mjuslemma,
500 1742 511 1765 ι
521 1720 621 1777 Lancea
666 1722 714 1777 lib.
727 1724 783 1789 111,
796 1745 854 1798 cap.
869 1747 913 1785 eo.
926 1730 1017 1787 Huc.

103 1794 288 1867 chrysendeta
313 1813 321 1849 t
345 1797 466 1851 Grandia
492 1818 526 1861 nc
551 1800 623 1857 viola
709 1820 755 1859 n.
777 1808 912 1861 Antonius·
932 1815 1088 1871 trimam
1105 1820 1179 1878 Cice.

100 1892 183 1945 parvo
199 1874 383 1946 chrysendeta
397 1878 482 1931 mullo
496 1895 504 1931 τ
519 1880 557 1933 Ut
571 1882 621 1935 mi·
664 1883 738 1937 runis
749 1883 861 1939 hostem.
874 1887 966 1945 tino.

103 1954 206 2007 nimum
220 1956 307 2009 lihras
316 1954 398 2009 debet
407 1956 505 2011 hahere
514 1957 590 2013 duas.
605 1986 617 2009 ι
708 1963 752 2015 13.
764 1964 854 2017 Auno
863 1987 939 2023 usum.
951 1972 1178 2047 subintelligeuc.

102 2034 135 2087 Et
148 2034 197 2087 lih.
211 2035 261 2099 ΙΙ,
279 2034 372 2105 Epigr.
385 2054 477 2089 xcrrr:
495 2060 507 2081 ι
518 2040 620 2093 immo·
663 2042 713 2107 sis,
723 2059 754 2093 es
768 2045 996 2105 antecedentihus.
1009 2054 1092 2109 ll.-.
1102 2057 1176 2117 Broc.

100 2111 153 2167 dici
173 2114 224 2167 tihi
246 2113 315 2167 flava
332 2128 427 2187 tegunt
443 2116 618 2190 chrysendeta
664 2137 696 2173 ex
708 2120 752 2173 ed.
763 2140 807 2193 pr.
818 2130 898 2179 aureis
911 2148 979 2183 urum
992 2138 1068 2187 casu.
1081 2136 1136 2190 Eu.

101 2192 185 2247 nulli.
197 2218 208 2239 .
224 2193 321 2247 Hauc.
706 2199 751 2259 tlt.
763 2202 796 2255 Iu
809 2207 917 2261 cnutus
925 2210 1032 2265 mesu
1040 2214 1175 2275 dssIdersh.

138 2275 166 2327 Β.
178 2272 296 2327 Deliciis.
310 2274 343 2327 In
356 2291 437 2343 quam
452 2270 578 2332 delicatos
588 2298 619 2331 ac
662 2275 705 2331 td
735 2300 828 2335 omues
858 2300 960 2343 nature
990 2296 1174 2364 uecoedmtes,

100 2353 159 2405 elles
171 2371 247 2407 naue.
259 2354 356 2407 Han.
662 2357 734 2429 quod
748 2360 907 2430 pudendum
927 2367 956 2420 iu
974 2368 1115 2441 Cleopatra
1134 2377 1173 2431 le-

138 2451 166 2501 9.
185 2432 284 2503 Quibus
295 2433 388 2485 deliciis
401 2446 503 2485 senemr
513 2447 561 2487 tens
576 2456 619 2491 eu-
661 2438 733 2491 minu
749 2440 836 2505 soret,
849 2458 951 2517 quanto
961 2449 1044 2519 magis
1053 2452 1082 2503 in
1094 2454 1173 2510 viro?

102 2532 227 2585 respuens
239 2524 331 2566 aurata
350 2504 401 2582 (cic
417 2504 510 2585 prius).
524 2516 617 2588 Lego:
706 2519 750 2572 15.
774 2520 893 2576 Pudeudo
914 2529 1020 2582 crimine.
1039 2529 1120 2596 Quod
1143 2549 1172 2594 a

107 2616 119 2640 ι
128 2593 222 2662 quihus
234 2591 341 2646 deliciis
352 2607 468 2647 veneunt
478 2607 529 2648 tam
542 2597 617 2652 inuu·
660 2597 706 2652 ille
723 2599 802 2666 lecit¹
813 2599 848 2654 ad
861 2622 941 2674 quern
952 2607 1067 2664 tisrtiat.
1081 2613 1130 2668 lib.
1141 2617 1172 2684 1,

103 2685 159 2729 nra
168 2691 249 2744 quem
263 2691 363 2739 suren,
381 2699 392 2720 ι
411 2692 443 2726 ex
457 2688 510 2728 vet.
525 2675 585 2730 cod.
659 2675 711 2748 Ep.
723 2683 1053 2743 sursus-Ventricouue
1063 2693 1172 2763 ωἰκω,

142 2751 347 2822 respuam.
356 2753 616 2812 Eouhstiuentiuno·
659 2774 708 2810 nec
715 2758 841 2830 tepudet,
850 2763 952 2834 excipis
960 2782 1098 2833 aurc,etc.
1112 2800 1124 2822 s
1134 2775 1170 2831 Η,

100 2833 168 2886 mine
178 2832 345 2902 Spartacum
356 2831 526 2887 commendat
535 2837 615 2896 etiam
702 2841 747 2892 ro.
764 2839 910 2911 Cleopatra.
927 2845 1014 2899 Etiam
1027 2848 1056 2902 iu
1070 2851 1171 2915 lemine

99 2913 249 2984 Appiauus,
271 2911 307 2966 dc
324 2912 403 2966 Bellis
422 2913 500 2968 civit.
520 2915 566 2972 lib.
586 2918 615 2982 1,
659 2915 936 2986 pudendum‘crimeu.
952 2927 1170 2997 Dignum-homi.

99 3011 154 3063 pcg.
173 2999 250 3058 424,
270 2991 326 3046 tuo
346 2993 375 3047 iu
390 2993 519 3048 Thurinis
536 3014 613 3050 mon·
657 3013 734 3062 uem,
759 2997 787 3058 iu
814 3019 893 3070 quem
915 3006 1074 3076 conjiciatur
1099 3013 1170 3074 illud

99 3073 167 3126 tihus
192 3069 297 3134 edicto,
322 3090 358 3126 ue
382 3073 442 3143 quis
465 3076 615 3144 negotiator
657 3073 774 3134 Martisl.
788 3079 836 3132 lib.
852 3081 1170 3156 XI‚Epigr.x11:·Te

97 3170 192 3206 aurum
208 3165 385 3223 argentumve
399 3153 427 3206 in
442 3166 525 3206 castre
539 3155 613 3210 iuve-
657 3168 750 3226 potere
760 3157 838 3214 decet
850 3179 968 3231 gemma,
984 3167 1034 3236 qui
1045 3168 1168 3230 Mentora

97 3230 170 3286 heret
186 3250 194 3284 ε
212 3251 248 3286 ne
264 3231 308 3286 cui
325 3251 434 3286 tuorum
449 3234 545 3289 hahere
558 3235 615 3290 hec
657 3235 811 3308 frangis‚In
824 3242 961 3312 scaphium
976 3249 1098 3308 moeche,
1108 3253 1168 3309 Sar·

97 3312 189 3366 liceret
201 3330 210 3364 ε
222 3313 310 3366 solum
325 3330 360 3366 tes
371 3312 525 3386 ferrumque
541 3333 614 3370 eme·
656 3311 799 3388 dunnpuh,
813 3331 875 3374 tuae.
891 3345 903 3370 ι
917 3321 974 3378 Hoc
987 3339 1045 3391 cst,
1055 3331 1102 3399 qui
1116 3349 1168 3403 po·

97 3404 169 3458 rem,
184 3403 238 3444 ete.
255 3391 350 3449 lisso.
656 3396 1017 3460 culahleutoreauohilitata
1029 3425 1167 3471 mmmm

142 3491 189 3526 rr.
214 3471 338 3541 Fugitiuis
357 3475 454 3528 uostris.
478 3472 612 3528 Subiutel·
656 3475 719 3530 alibi
738 3477 794 3538 nit,
807 3477 958 3551 diffringit,
975 3497 1005 3540 ut
1025 3485 1090 3548 inde
1103 3511 1167 3550 ocn-

97 3551 243 3622 ligequam
252 3551 613 3622 civitanennottrbistitr,
654 3553 761 3616 finiatur
771 3559 882 3614 mecho
895 3573 947 3614 tue
960 3566 1066 3621 matula.
1078 3569 1114 3626 ll.

97 3629 240 3702 Spartacus
259 3632 361 3702 aliique
381 3630 554 3702 gladiatores,
572 3633 611 3688 el·
697 3654 742 3706 ¹7·
764 3639 901 3707 Aguoncm.
920 3625 974 3703 thes
997 3629 1103 3716 hyeme
1124 3653 1165 3707 she

97 3711 179 3764 tracto
189 3712 289 3784 Cepne
300 3711 366 3766 ludo
377 3712 499 3778 Lentuli,
508 3731 540 3766 ac
549 3732 611 3784 per·
652 3714 724 3772 tntu
736 3717 850 3787 ἀργυροῦς
860 3723 890 3773 ts
903 3725 959 3783 ταῖς
969 3729 1082 3795 κρηπῖσιν
1096 3731 1167 3793 ἥλους

97 3789 393 3864 diturumhuudeaigua
402 3793 511 3846 collecta
520 3811 612 3861 nunu,
655 3799 741 3866 ροριῑν.
767 3798 923 3854 Plutarchus
941 3802 971 3856 in
993 3805 1165 3874 Alexandro,

97 3871 231 3926 tomos
241 3891 297 3926 nou
311 3873 392 3928 semel
403 3871 529 3926 fuderunt
537 3891 613 3931 exer·
657 3894 682 3945 p.
691 3876 757 3930 688.
766 3876 810 3932 Sie
820 3880 899 3934 etiam
907 3882 1030 3941 Clemens
1036 3888 1166 3944 Alexand.

98 3951 184 4004 citus:
206 3969 237 4004 cc
253 3949 365 4006 taudem
378 3971 395 4006 s
408 3952 503 4006 Crasso
517 3965 612 4024 preto·
656 3953 761 4027 Pedag.
783 3957 830 4010 lib.
849 3960 886 4014 11.
905 3962 998 4016 Simile
1019 3976 1075 4030 est,
1093 3968 1167 4038 quod

98 4048 139 4095 re,
164 4046 192 4084 et
213 4031 348 4104 Pompeio
371 4030 507 4104 prclligati
535 4045 612 4100 suut,
656 4031 690 4088 de
711 4037 839 4092 Antiochi
860 4041 976 4096 exercitu
995 4060 1105 4101 aurant
1124 4049 1168 4104 hi.

4 4159 5 4168 ,
98 4127 166 4164 anuo
185 4112 253 4167 683.
274 4113 337 4165 Hoc
355 4111 452 4166 servile
469 4112 567 4166 bellum
586 4125 614 4168 et
656 4115 775 4173 storici:
800 4118 847 4188 qul
870 4120 979 4190 quidem
997 4147 1009 4169 ι
1028 4133 1122 4198 magua
1135 4150 1169 4186 ex

99 4189 269 4262 lugitivorum
283 4191 452 4264 sppellatmu
464 4204 505 4246 est
516 4211 523 4246 ι
533 4195 613 4266 cujus
657 4207 734 4264 parte
747 4191 838 4260 (serim
851 4213 915 4253 suut
927 4200 1029 4257 Valerii
1042 4205 1169 4276 diuini)

1007 4301 1049 4386 4,
