3100 5125
287 466 294 472 .
353 511 425 596 ιιι
628 520 665 586 c.
692 519 862 590 Pnrnn
888 523 994 590 nst.
1024 521 1148 588 nisu.

320 668 335 699 ²
406 650 553 741 Pyrnmis
580 639 802 745 amplissima⁰
822 679 862 726 ex
883 656 1031 726 Arabicis
1052 652 1255 748 lapicidinis⁷
1281 668 1421 724 constat.

352 755 514 823 Trecenta
546 776 633 826 mn
663 758 839 830 hominurn
869 747 989 831 millia*
1021 759 1137 828 anuis⁹
1162 767 1211 828 xis
1237 775 1313 830 dnm
1343 785 1425 830 con-

354 861 511 928 struxisse
536 862 736 954 produntur.
758 871 839 938 Tres
862 893 943 938 vero
970 868 1065 936 suctae
1095 869 1189 936 annis
1215 888 1358 936 cxxviii
1390 881 1423 936 et

354 965 522 1035 mensibus
546 987 596 1035 ιν.
629 971 697 1058 Qui
722 972 764 1041 de
787 975 825 1044 iis
847 976 1060 1069 scripserint,
1082 985 1159 1041 stunt
1188 973 1380 1043 Herodotus
1389 971 1426 1058 ¹⁰,

353 1071 579 1156 Euhcmerus,
596 1077 699 1145 Duris
711 1081 857 1158 Sumins,
873 1079 1099 1175 Aristagoras,
1112 1080 1309 1174 Dionysius,
1328 1081 1423 1149 Arte·

354 1175 521 1264 midorus,
534 1177 721 1251 Alexander
738 1186 943 1281 Polyhistor,
962 1185 1136 1255 Butorides
1147 1184 1183 1270 ¹¹,
1195 1185 1424 1268 Antisthenes,

354 1283 566 1370 Demetrius,
596 1290 804 1381 Demoteles,
832 1294 950 1387 Apion.
975 1295 1068 1361 Inter
1093 1317 1209 1360 omnes
1237 1290 1328 1360 eos¹¹
1356 1314 1425 1361 non

355 1462 483 1533 Ephesios
507 1486 514 1514 z
542 1489 554 1512 ι
576 1465 715 1539 Numquid
740 1472 868 1525 celorum
911 1471 945 1524 liu
959 1489 1052 1526 ccccx.
1068 1471 1289 1524 Herm-Broc
1303 1489 1335 1525 ex
1348 1471 1425 1525 MSS.

355 1541 484 1611 circulos,
504 1561 570 1614 ques
587 1546 739 1620 philosophi
754 1552 870 1620 spherus
911 1551 992 1622 llegg.
1003 1550 1066 1604 edit.
1075 1551 1211 1624 principe,
1224 1565 1250 1603 et
1263 1551 1375 1604 Diodor.
1388 1553 1425 1604 Si-

355 1634 467 1686 rocsnt,
489 1624 618 1679 mentiens
637 1640 716 1700 etque
735 1643 870 1684 transcen·
911 1632 965 1684 cul.
978 1643 1081 1683 tmessre
1089 1631 1143 1684 LX
1151 1633 1269 1684 lominum
1279 1631 1365 1684 milda.
1374 1631 1424 1708 lin.

356 1699 424 1754 dens
438 1702 511 1756 stetit
523 1704 550 1754 ln
566 1721 670 1760 summo
683 1709 739 1762 eseli
751 1710 868 1771 fornice.
953 1729 980 1777 9.
1003 1713 1093 1764 Auris.
1117 1712 1210 1764 Priore
1230 1710 1362 1764 decennio
1381 1711 1426 1763 ud·

357 1791 396 1846 et,
408 1792 439 1833 tn
448 1782 531 1834 verbo
539 1777 659 1852 ipsorum
669 1799 738 1853 utar,
748 1789 866 1842 obside.»
913 1802 987 1843 vectu
1000 1806 1061 1844 sexu
1077 1808 1133 1843 esse
1153 1799 1242 1844 narrat
1257 1789 1426 1855 Herodotus,

358 1859 509 1922 (bassianus,
526 1863 621 1918 Colles.
635 1867 739 1931 XXIV,
753 1887 811 1940 cup.
830 1871 846 1923 6
863 1887 871 1921 τ
912 1871 963 1923 loc.
977 1871 1022 1924 cit.
1035 1871 1117 1922 altero
1129 1871 1253 1922 fabricem
1270 1869 1428 1924 absolutum.
1481 1867 1485 1876 ’

361 1962 373 1985 ι
386 1939 414 1990 Si
424 1940 484 2009 quis
492 1940 733 2000 absidiscsmsrsm
742 1949 833 2003 rolens
843 1949 871 2002 in
913 1949 1023 2002 Diodor.
1041 1950 1095 2002 loc.
1117 1949 1162 2004 cit.
1180 1951 1216 2003 Tb
1230 1946 1259 2002 dl
1277 1953 1329 2001 πᾶν
1349 1965 1427 2001 suss-

358 2019 471 2072 sublime
496 2022 668 2079 concludere.
691 2026 781 2082 sllaec
806 2029 872 2082 scri·
913 2033 1044 2100 σκιόισμιι
1060 2031 1128 2090 τέλος
1150 2032 1207 2097 loy)
1229 2031 1300 2099 μόγις
1317 2031 1377 2082 irbi
1394 2031 1426 2081 tl·

358 2114 462 2168 pueram
481 2115 565 2170 quum
578 2100 633 2156 sidl
645 2103 745 2159 editum
759 2108 824 2160 olim
839 2105 875 2161 ud
913 2129 966 2163 uret
980 2105 1133 2163 διελθόντων.
1147 2110 1237 2163 Hssn.

358 2196 473 2230 murmure
481 2181 638 2250 respicicunt
646 2185 817 2240 Hermolaum
826 2207 873 2240 no-
958 2207 997 2241 ro.
1014 2189 1166 2254 Herodotus,
1186 2202 1235 2242 eto.
1255 2187 1297 2240 De
1311 2187 1354 2240 hls
1372 2187 1424 2257 ιμ’·

359 2268 427 2310 tasse
443 2271 561 2312 vetustos
579 2262 683 2318 codices
699 2265 801 2321 bebere
819 2271 873 2339 opi·
914 2287 973 2322 mus
987 2269 1014 2321 in
1030 2282 1169 2320 suetorum
1187 2266 1288 2320 Iudice.
1301 2266 1392 2320 Htsn.

359 2337 872 2414 cardonetumenlegendurnabsidem,
956 2365 1000 2401 rr.
1026 2348 1163 2402 Butorides.
1190 2348 1222 2400 lu
1244 2347 1320 2400 libris
1348 2363 1425 2399 manu

359 2414 412 2470 hoc
422 2430 474 2482 est,
486 2430 662 2477 curiatorum.
671 2425 716 2479 Sic
726 2425 771 2479 ille
782 2447 789 2478 t
799 2429 876 2498 pejus
914 2428 1040 2491 exaratis,
1055 2427 1194 2480 Buteridas.
1208 2427 1298 2480 llsnn.

359 2496 506 2567 elegerunt.
527 2500 618 2555 Gson.
635 2535 675 2545 -
695 2506 742 2558 Aa
758 2523 873 2558 summum
959 2527 1002 2562 rs.
1016 2508 1174 2560 Interamna
1185 2527 1238 2573 eos,
1253 2517 1304 2559 ete.
1324 2505 1426 2558 Discre-

360 2577 474 2645 apss'dem.
492 2580 570 2634 Nunc
585 2584 704 2638 eminent
715 2599 817 2639 tuntum
830 2604 874 2643 cu·
914 2602 1006 2659 pentes
1028 2600 1166 2641 unctorum
1188 2587 1331 2641 sententias
1347 2587 1427 2639 refert

360 2668 410 2725 put
419 2670 446 2709 et
456 2658 569 2723 collum,
583 2680 700 2732 quorum
711 2665 825 2720 altitudo
834 2680 873 2721 est
915 2666 994 2720 Diod.
1009 2668 1060 2721 Sic.
1074 2668 1144 2721 Bibl.
1159 2670 1190 2729 1,
1204 2677 1263 2739 pag.
1285 2668 1330 2734 59.
1344 2666 1377 2733 ll.
1389 2694 1427 2709 -

360 2732 460 2803 pedum
478 2758 523 2808 η.
545 2741 617 2812 Ergo
632 2760 647 2795 u
662 2744 755 2811 Plinii,
770 2748 814 2799 rel
825 2765 873 2818 po·
914 2747 973 2799 Non
985 2759 1080 2799 constat
1092 2768 1107 2799 a
1119 2749 1203 2819 quibus
1208 2748 1287 2815 sactes
1297 2750 1354 2798 siet.
1371 2745 1427 2799 blu-

360 2814 413 2866 tius
432 2828 586 2884 auctorum,
606 2840 674 2892 qnos
692 2841 820 2895 sequntur
835 2835 874 2881 est
915 2827 1012 2879 xlmam
1038 2844 1053 2879 u
1082 2828 1191 2898 Cheope
1218 2824 1386 2891 Herodotus,
1413 2844 1426 2877 s

361 2893 479 2955 Plinius,
491 2901 672 2970 temporibus,
693 2908 790 2975 aggesti
810 2919 873 2960 sunt
915 2906 1063 2978 Chemmye
1071 2906 1205 2960 Diodorus
1215 2907 1310 2959 fuctum
1320 2905 1426 2958 scribit:

361 2991 447 3025 urente
461 2976 542 3045 pedes
556 2980 603 3033 35.
621 2982 661 3034 Ex
674 2984 751 3038 Brot.
765 2997 824 3039 not.
838 2984 873 3041 ud
915 2987 1048 3039 minorem
1073 2988 1107 3040 ub
1136 2989 1193 3058 ejus
1219 2986 1275 3039 lilio
1306 2985 1427 3039 Cbubreo

361 3051 389 3103 b.
403 3053 454 3106 loc.
468 3056 520 3108 En.
916 3064 1065 3130 Diodorus,
1082 3086 1098 3123 ιι
1115 3066 1259 3135 Cephrene
1279 3066 1361 3118 fratrc
1378 3065 1430 3116 He·

402 3137 430 3186 6.
443 3134 554 3206 Pyrostis
564 3140 717 3210 smph'ssima.
728 3145 816 3209 Quam
828 3162 873 3198 ex·
915 3144 1026 3199 rodotns
1045 3142 1109 3206 (hus
1126 3144 1261 3216 AEgyptii,
1280 3158 1374 3197 eorum
1388 3162 1427 3196 re-

268 3246 271 3249 ·
361 3208 437 3265 citari
446 3216 524 3284 jussit
534 3218 640 3291 Cheopc
651 3224 760 3296 AEgypti
769 3238 874 3286 rex,ex
916 3244 978 3297 gum
987 3224 1268 3281 nominsdetestsntes,
1280 3222 1429 3276 Philitionis

361 3294 480 3346 Arabicis
492 3296 637 3367 lapidibus,
650 3303 737 3372 inquit
752 3304 875 3358 Herodo-
916 3305 1043 3376 postoris,
1057 3306 1103 3377 qui
1115 3321 1199 3376 prope
1213 3305 1270 3356 illss
1282 3322 1373 3374 greges
1384 3300 1429 3354 du-

361 3385 420 3436 tes,
430 3373 476 3426 lib.
487 3377 528 3433 11.
544 3396 617 3430 nuru.
633 3388 695 3444 ssd.
711 3384 804 3437 litun.
916 3384 1007 3446 cebst,
1018 3382 1167 3447 esseainnt)
1178 3402 1185 3437 :
1196 3384 1300 3438 tertium
1313 3400 1327 3435 s
1340 3384 1430 3453 Myce-

365 3475 368 3483 .
403 3470 431 3521 7.
446 3455 489 3505 Ex
497 3458 612 3511 Ambus
623 3461 758 3529 lapicidinis
770 3476 872 3517 comat.
916 3462 1430 3535 rinoCheopisliliollerodotus,Chem·

361 3531 497 3586 Marmore
520 3537 601 3590 simili
627 3542 702 3595 ebori
727 3544 873 3597 maculoso.
918 3558 993 3612 myos
1004 3542 1292 3597 Diodorusnmctm
1302 3554 1357 3605 est,
1372 3554 1431 3612 pm·

362 3612 542 3669 Dioscorides.
558 3616 627 3672 Dur..
917 3620 1429 3695 dirumuqnibuuhm‚nonsuprsdietos

403 3694 430 3745 8.
451 3695 566 3747 Tmeura
580 3698 674 3752 LXVI
688 3700 807 3754 homiuum
819 3702 874 3754 mil·
918 3702 950 3756 ab
965 3703 1024 3773 ipso
1037 3720 1126 3773 reges,
1140 3702 1185 3755 sed
1199 3702 1341 3755 maximum
1353 3718 1429 3772 pyru-

362 3771 405 3823 tta.
417 3772 531 3827 Centum
543 3777 683 3831 bominum
697 3781 778 3832 millia
787 3782 873 3833 solum
918 3779 1017 3835 midem
1029 3782 1119 3835 fecisse
1135 3785 1260 3834 Armeum
1270 3820 1278 3845 ,
1287 3779 1429 3834 secundem

362 3849 518 3907 Herodotus
527 3856 620 3914 habet.
633 3858 679 3910 lib.
694 3858 736 3925 ll,
747 3861 874 3931 Euterpe,
919 3862 1042 3926 Amasin,
1056 3863 1159 3915 tertium
1172 3862 1276 3913 Mnsum
1291 3879 1297 3912 :
1311 3862 1432 3931 beneque

362 3944 389 3982 ¹¹·
409 3940 480 3995 Νι,
502 3937 718 4007 pug.137,hoc
742 3952 798 4005 est,
814 3958 874 4011 my·
916 3943 985 3994 velle
1007 3940 1135 4013 quondum
1162 3939 1301 4013 Rhodopis
1330 3938 1430 4011 pellicis

361 4007 447 4062 riudes
469 4011 571 4068 decem.
597 4018 631 4069 At
654 4016 765 4072 Diodor.
792 4020 873 4074 sicul.
917 4020 1088 4092 sepulchrum
1103 4022 1199 4085 luisse,
1216 4018 1300 4093 idque
1315 4018 1430 4073 nonnul·

361 4088 490 4147 biblioth.
509 4096 538 4159 1,
559 4114 618 4167 pag.
640 4096 686 4167 57,
707 4099 814 4169 triginta
827 4114 873 4153 sex
917 4101 1003 4154 lorum
1018 4102 1186 4173 principum,
1207 4102 1254 4173 qni
1271 4116 1329 4153 eam
1351 4116 1431 4152 suiss-

361 4171 507 4239 myriades,
525 4174 577 4229 hoc
590 4189 642 4239 est,
655 4176 796 4232 bominum
812 4180 872 4233 rnil-
917 4194 989 4246 sent,
1008 4183 1146 4235 communi
1168 4198 1249 4253 opere
1267 4180 1431 4234 absolutum.
1467 4261 1471 4267 .
