3100 5125
490 575 641 644 LIBER
674 572 831 644 XXXV.
1122 575 1185 644 281

127 706 264 792 bantur,
287 720 322 776 et
348 707 571 775 monumentis
592 731 704 778 rerum
734 709 768 776 in
796 706 988 801 magistratu
1014 721 1189 802 gestarum.

127 810 212 880 Aliae
231 811 312 881 foris
327 825 362 880 et
381 810 469 881 circa
486 809 599 880 limina
613 813 812 883 domitarum
830 798 1014 908 gentium¹8
1034 814 1191 908 imagines

128 932 243 1003 erant,
258 916 365 986 affixis
378 916 523 986 hostium
541 915 668 1011 spoliis,
688 944 762 1014 quoe
779 943 840 987 neo
858 919 999 1012 emptori
1015 918 1153 1012 refigere
1166 919 1191 972 ¹9

129 1020 264 1108 liceret,
282 1022 597 1116 triumphabantque
617 1027 715 1095 etiam
733 1024 874 1094 dominis
891 1024 1024 1093 mutatis
1041 1025 1119 1118 ipsae
1137 1024 1191 1095 do

131 1142 270 1197 nauseet
285 1127 357 1196 erat
372 1127 443 1197 haec
455 1127 634 1198 stimulatio
649 1131 779 1226 ingens,
796 1129 1071 1224 exprobrantibus
1085 1132 1190 1218 tectis,

130 1232 278 1328 quotidie
302 1231 467 1303 imbellem
498 1233 668 1304 dominum
691 1239 814 1305 intrare
841 1233 875 1304 in
902 1233 1043 1304 alienum
1072 1236 1186 1304 trium-

130 1338 247 1432 phurn.
265 1341 382 1407 Exstat
401 1338 550 1408 Messalae
567 1343 707 1411 oratoris
720 1340 917 1435 indignatio,
938 1364 1003 1435 qua
1020 1341 1191 1434 probibuit
1209 1351 1225 1405 ⁵
1253 1417 1260 1431 Ι

129 1445 230 1514 inseri
251 1445 342 1537 genti
360 1467 426 1512 suae
448 1444 686 1516 Levinorum²⁰
706 1446 844 1516 alienam
864 1448 1051 1541 imaginem.
1073 1443 1191 1516 Similis

130 1573 229 1619 causa
243 1547 395 1619 Messala
407 1551 476 1618 seni
490 1553 649 1644 expressit
662 1551 831 1622 solumina
846 1550 921 1635 illo,
936 1575 1009 1646 quae
1029 1549 1070 1620 de
1087 1554 1191 1621 Fami·

128 1652 179 1724 liis
187 1654 450 1749 condiditquum
458 1657 1046 1754 ScipionisPomponiani¹'transisset
1056 1658 1191 1747 atrium,
1286 1663 1290 1674 '

172 1827 499 1898 18.Dossisurumgenstruu
512 1830 638 1899 imagines.
683 1833 739 1885 on
757 1848 765 1884 ε
783 1857 795 1880 ι
808 1829 878 1882 Fixit
900 1829 970 1900 leges
988 1827 1095 1899 pretio,
1112 1843 1192 1902 stqne

130 1906 209 1962 Prius
224 1907 372 1978 legebatur,
398 1911 530 1959 mimorum
554 1912 640 1978 iugen-
681 1909 793 1984 religit.-
811 1907 889 1961 Prius
904 1910 1034 1977 refringere
1049 1908 1192 1978 legebatur,

130 1991 189 2040 siu
212 1989 337 2056 tnagtm.
356 1986 493 2039 Pintisnus
513 1987 640 2058 conjicie-
681 1988 829 2042 vitiose.1u
843 1988 909 2058 neg.
926 2007 952 2050 s,
967 1988 1083 2057 nsugere.
1095 1989 1130 2041 H.

131 2067 193 2132 but,
208 2067 342 2117 albanum
355 2069 471 2137 gentium.
487 2065 577 2131 Alius,
595 2070 640 2119 usi-
722 2087 768 2121 so.
782 2066 965 2120 normann
979 2077 1057 2138 gente
1066 2067 1190 2132 Valeria,

132 2145 639 2215 mergentium.1nileg.s,asrsitorum
680 2163 712 2200 ex
724 2165 776 2218 qus
786 2159 812 2199 et
826 2147 942 2199 Messalas
957 2144 1111 2216 prodierunt
1124 2165 1132 2200 :
1144 2145 1190 2200 sed

130 2230 246 2294 μᾶν.
262 2225 294 2276 In
309 2223 427 2277 Colbert.
441 2225 468 2288 3,
482 2223 637 2279 danicorum.
680 2224 788 2280 familiar
802 2223 923 2278 diverse.
934 2225 968 2278 H.
985 2255 1024 2267 -
1037 2225 1190 2278 Iaeviaornns.

131 2302 212 2357 Unde
225 2301 298 2356 bsud
316 2301 397 2355 dubis
416 2303 585 2372 conjectura,
597 2305 639 2357 do·
672 2304 752 2358 brot.
770 2305 972 2357 Loevbommln
986 2303 1188 2357 nummis'enim

132 2387 242 2436 numus
254 2383 380 2440 fecimus.
390 2400 472 2453 quum
481 2382 514 2434 sit
523 2401 582 2436 snos
592 2383 638 2437 ille
680 2384 816 2455 Fastisque
823 2382 980 2453 Capitolinis
992 2399 1192 2436 ussurusssn·

131 2461 266 2533 hodieque
282 2474 423 2531 receptus,
444 2460 491 2532 qui
509 2462 636 2532 jamtum
679 2479 770 2516 naurs.
781 2463 833 2514 Eo.

130 2542 158 2596 iu
175 2560 226 2595 usu
248 2542 313 2604 fait,
330 2553 361 2594 ut
386 2540 505 2594 hostibus
520 2539 637 2595 detracta
720 2561 767 2596 ss.
787 2543 869 2612 Quum
886 2539 1004 2611 &pionis
1020 2539 1190 2608 Pomponiani.

130 2620 233 2693 spolia,
246 2622 385 2692 signaque,
402 2620 480 2674 affixa
499 2619 635 2684 domibus,
678 2619 748 2675 Idci
765 2638 910 2691 cognomen
925 2639 940 2674 s
955 2619 1103 2689 Pomponio
1120 2618 1190 2673 obti-

130 2700 294 2754 domitarum
308 2699 430 2770 gentium
446 2700 566 2770 symbola
583 2701 638 2754 sint
678 2699 903 2771 gissesigniiicnt,
915 2698 1024 2751 bomine
1037 2696 1187 2769 praedivite,

130 2792 157 2833 et
176 2791 342 2850 argumenta.
359 2778 464 2840 Livius,
480 2779 525 2832 1:
537 2801 548 2823 ι
562 2780 638 2844 Quo·
678 2781 755 2851 cujus
772 2779 854 2832 lilium
875 2777 991 2831 duxisset
1012 2796 1121 2829 uxorem
1139 2799 1147 2850 J
1165 2790 1192 2831 et

129 2878 190 2912 raus
202 2858 299 2911 domos
311 2858 403 2928 spoliis
419 2857 537 2911 bostium
552 2859 637 2913 affixis
677 2861 754 2929 cujus
767 2869 923 2912 testamento
942 2858 1025 2911 iactus
1037 2857 1120 2909 bures
1135 2857 1191 2911 Sci·

129 2938 247 3008 insignes
277 2937 346 2990 inter
378 2935 441 2989 alias
474 2936 596 2991 feceritis.
621 2962 633 2985 ι
677 2937 725 3009 pio
741 2937 845 3003 fuerat,
860 2948 890 2989 nt
902 2936 1077 3007 Pomponiani
1092 2954 1189 2990 nomen

131 3017 190 3071 Lib.
200 3016 296 3069 XXIII
311 3033 319 3069 ε
332 3038 345 3060 ι
357 3016 413 3082 Qui
425 3016 509 3087 spolia
520 3032 553 3069 ex
562 3017 637 3071 hoste
678 3030 833 3070 assumeret.
847 3014 941 3068 Eidem
956 3028 1043 3069 sutem
1055 3014 1190 3087 Scipioni,

130 3095 182 3149 fisa
201 3094 278 3149 dorni
297 3095 433 3149 baberent.
447 3121 458 3143 ι
478 3096 588 3149 sueton.
608 3096 637 3149 ia
678 3096 794 3150 fortsssis
806 3116 822 3149 a
834 3106 942 3168 parente
959 3106 1100 3165 acceptum
1112 3095 1191 3149 etism

131 3175 250 3239 Nerone,
262 3193 386 3238 xxxsrrx,
397 3174 444 3227 nbi
453 3173 487 3229 de
500 3175 583 3227 Urbis
596 3176 637 3227 in·
679 3175 821 3230 Salutionis
832 3192 978 3245 cognomen
988 3174 1071 3236 bresit,
1085 3175 1121 3225 ob
1134 3175 1193 3227 sul·

132 3252 249 3308 cendio:
265 3254 637 3324 «Tuncpruterimmensum
679 3266 721 3309 tus
742 3252 959 3318 similitudinem,
980 3266 1009 3306 ut
1028 3251 1128 3305 dictum
1150 3264 1192 3306 est

131 3352 273 3387 numerum
290 3333 451 3396 insularum,
470 3331 565 3386 domus
582 3334 638 3404 pri·
678 3333 747 3398 vn,
761 3352 856 3388 ιο.-
866 3332 1033 3402 Pomponiani.
1053 3330 1097 3384 Sic
1112 3332 1189 3387 MSS.

131 3430 237 3466 snorum
249 3411 348 3466 ducum
359 3425 487 3478 asserum,
497 3412 638 3466 hostilibus
679 3414 746 3483 Ileg.
762 3431 796 3478 s,
811 3411 888 3465 Colb.
907 3411 941 3475 ³,
954 3410 1094 3482 ceterique
1106 3430 1113 3464 :
1126 3413 1191 3465 Pss-

132 3490 219 3545 adbuc
228 3489 476 3562 spoliissdornatu,
488 3491 639 3546 eto-Vidit
681 3490 778 3545 mensis
795 3508 904 3562 quoqne
922 3485 1021 3557 editio,
1035 3503 1062 3543 et
1075 3491 1133 3545 alise
1144 3508 1191 3545 ve·

131 3570 182 3624 boe
192 3589 301 3642 quoquc
310 3570 470 3624 Gronovius.
481 3571 572 3625 Istn.
680 3571 803 3625 tustiores
817 3569 971 3625 Hermolao.
984 3571 1040 3623 Cur
1051 3566 1078 3621 id
1089 3588 1190 3624 nomen

174 3648 356 3719 19.·1tefigm.
372 3649 525 3716 berellae,
549 3649 637 3703 detra·
679 3651 708 3703 in
720 3651 837 3719 Africani
849 3661 938 3719 postes
953 3647 1137 3717 immutarint,
1151 3649 1191 3700 in·

133 3728 197 3783 bere
214 3728 268 3782 lixa
286 3728 314 3781 in
333 3729 441 3782 sublimi
459 3729 528 3782 loco.
543 3730 638 3784 Cicero
679 3742 792 3783 certum.
803 3728 912 3781 I'sctum
921 3746 982 3781 sane
992 3741 1091 3781 temere
1100 3741 1126 3780 et
1136 3728 1190 3780 im·

134 3808 211 3879 epist.
228 3806 263 3861 sd
279 3807 372 3861 tramit.
393 3808 485 3870 XII‚1
502 3829 509 3860 z
529 3808 638 3881 ncujus
678 3810 771 3881 perire.
790 3808 855 3860 Mox
870 3826 933 3861 vero
951 3826 984 3860 ex
1000 3804 1092 3859 iisdem
1111 3806 1191 3860 MSS.

133 3904 185 3941 ura
194 3887 305 3958 refigere
315 3886 549 3957 debebamus,ejus
558 3888 638 3941 etiarn
680 3886 829 3951 edidimus,
847 3911 859 3934 ι
874 3886 1022 3940 Salutiones
1039 3882 1107 3944 (boc
1120 3885 1190 3937 enim

133 3966 307 4038 ebisugrspbs
316 3965 517 4020 defendimus?-
528 3968 562 4020 Et
573 3968 635 4020 Phi·
678 3967 704 4019 ei
717 3967 802 4019 inerat
814 3962 991 4035 cognomen),
1004 3963 1189 4017 Africanorum

135 4044 199 4116 lipp.
215 4045 279 4109 ΧΠ,
299 4065 327 4098 n.
343 4065 397 4099 rs:
415 4046 507 4099 -ttum
520 4047 637 4117 ligantur
678 4044 808 4099 dedecore
821 4045 966 4116 irrepentes
974 4042 1129 4112 Scipionum
1144 4061 1192 4097 no·

132 4124 276 4178 susuusbc
288 4124 401 4189 tabule,
411 4143 476 4196 quas
487 4144 534 4178 vos
547 4125 637 4180 decre-
682 4124 757 4177 mini.
771 4148 782 4171 ι
798 4124 890 4189 Quum
905 4123 968 4177 libri
982 4121 1077 4193 vulgati
1093 4140 1149 4193 pru
1163 4141 1192 4175 aa

135 4203 166 4259 tis
176 4204 424 4259 restrisrclixistis.·
436 4205 512 4275 Virg.
524 4207 637 4269 navt,
681 4204 781 4268 serant,
803 4230 815 4251 ι
833 4203 976 4259 solutionis
991 4196 1060 4264 (boc
1076 4201 1146 4254 enim
1167 4202 1193 4254 si
1214 4265 1217 4271 ¹
