3100 5125
369 539 440 626 640
640 541 678 610 C.
705 535 871 609 PLINII
895 539 999 607 NAT.
1022 535 1153 605 HIST.

367 669 537 768 aquarias'
561 673 673 741 Naxiae
691 670 761 740 laus
783 673 925 741 maxima
944 670 1027 740 suit:
1049 691 1127 736 mox
1147 667 1370 748 Armeniacae,
1388 665 1430 734 de

367 781 487 875 quibus
498 778 639 848 diximus
647 763 670 845 ³.
687 781 737 846 Ex
752 777 826 848 oleo
843 793 877 847 et
895 799 980 871 aqua
996 774 1118 846 cilicio
1136 771 1273 868 pollent,
1289 797 1330 840 ex
1344 793 1429 863 aqua

366 871 607 955 Arsinoeticae⁴.
630 886 783 980 Repertus
811 897 941 954 suntet
961 883 995 949 in
1017 880 1111 950 ltalia
1134 903 1219 973 aqna
1244 862 1430 948 trahentes⁵

367 976 495 1060 scicm‘
519 992 682 1059 acerrimo
707 990 839 1060 effectu.
864 993 1002 1059 Necnon
1027 1001 1061 1056 et
1092 1000 1182 1054 trans
1211 983 1330 1078 Alpes,
1349 1005 1429 1077 quas

367 1095 589 1192 passemices⁷
603 1109 735 1165 vocant
744 1098 871 1186 Quarta
885 1080 988 1166 ratio⁸
1007 1109 1057 1164 est
1075 1090 1176 1163 saliva
1194 1091 1338 1160 hominis
1355 1111 1426 1182 pro·

295 1252 303 1276 t
366 1201 567 1286 ficientium,
588 1205 623 1271 in
645 1204 882 1272 tonstrinarum
904 1202 1063 1286 officinis,
1083 1197 1206 1270 inutilis
1221 1195 1329 1291 fragili
1346 1193 1428 1265 mol-

368 1306 445 1377 litia.
479 1307 721 1378 Flaminitanae⁹
748 1333 788 1377 ex
821 1310 977 1404 Hispania
1004 1309 1155 1376 citeriore
1183 1307 1217 1373 in
1246 1327 1286 1372 co
1310 1323 1428 1400 genere

366 1417 550 1509 praecipue.

334 1559 346 1593 ι
419 1523 578 1592 valu.
600 1520 628 1586 E
651 1518 792 1614 reliqua¹
815 1519 1033 1603 multitudine
1052 1517 1217 1613 lapidum,
1241 1516 1331 1592 toliis
1354 1513 1427 1582 aedi·

367 1733 438 1774 etex
450 1737 529 1791 equa,
541 1729 568 1771 et
581 1736 616 1771 ex
631 1718 692 1771 oleo
702 1717 814 1771 utimur.
825 1719 878 1772 En.
921 1737 972 1782 es,
998 1731 1025 1772 et
1047 1715 1248 1782 Sallustianum,
1269 1714 1429 1786 appellatum

411 1817 436 1852 a.
451 1799 801 1870 Interoquurics.Quaeaqua
813 1797 880 1851 indi·
922 1815 977 1851 esse
997 1797 1166 1850 meminimus
1182 1797 1200 1848 l.
1216 1795 1348 1857 XXXIV,
1362 1813 1384 1846 c.
1403 1815 1428 1847 ι.

368 1890 431 1950 gent
441 1920 449 1944 ,
460 1897 518 1950 quse
529 1889 704 1948 asperguntur
715 1896 793 1946 aqua.
805 1877 838 1929 II.
922 1877 972 1931 Vel
982 1877 1174 1929 Damaniraooes
1186 1874 1329 1938 Damania,
1340 1874 1429 1944 Hispa·

411 1957 437 2012 3.
448 1957 579 2030 Dequibus
588 1957 699 2009 diximus.
710 1958 776 2027 Cap.
791 1973 832 2010 to.
843 1955 879 2011 II.
921 1957 972 2011 nise
984 1957 1112 2011 citerioris
1125 1953 1244 2026 oppido,
1255 1953 1289 2006 de
1300 1971 1355 2025 quo
1363 1952 1428 2005 dixi·

411 2045 437 2101 4.
451 2038 495 2090 Es
515 2057 579 2108 aqua
600 2039 768 2090 Arsinoetieae.
783 2035 835 2089 vel
846 2054 879 2088 ex
921 2055 980 2090 mus
989 2037 1036 2089 lib.
1046 2035 1103 2099 Ill,
1117 2053 1175 2105 cup.
1189 2041 1215 2097 4.
1230 2031 1322 2087 Haeo.

370 2116 471 2189 oppido
483 2115 567 2186 Cypri
582 2116 707 2181 Arsinoe,
724 2116 826 2186 dequo
840 2114 878 2178 V,
961 2115 1089 2170 XLVIII.
1106 2134 1130 2168 1.
1145 2115 1171 2168 E
1186 2114 1286 2188 reliquo.
1306 2113 1339 2164 In
1357 2111 1428 2163 libris

370 2213 429 2268 cnp.
449 2195 495 2248 35.
517 2196 585 2248 Nam
608 2208 634 2248 et
655 2195 762 2267 Cypriis
778 2195 880 2248 cotibus
920 2195 1048 2251 bactenus
1063 2193 1156 2259 editis,
1176 2219 1187 2242 ι
1206 2193 1317 2264 Reliqua
1341 2189 1428 2242 multi·

370 2275 567 2329 commendatio
576 2275 707 2346 precipue
724 2275 828 2338 luit,ut
840 2273 878 2327 di·
922 2276 989 2330 tudo
1010 2273 1130 2346 lapidum
1149 2273 1185 2326 -in
1210 2283 1295 2325 torum
1315 2269 1429 2324 aediliciis

370 2367 441 2408 ctum
454 2366 494 2408 est
507 2373 566 2424 esp.
585 2371 625 2407 ro.
641 2355 707 2418 Vel,
725 2352 798 2425 quod
811 2355 880 2408 simi·
921 2357 1025 2409 inutilis
1043 2365 1095 2419 est,
1106 2381 1117 2402 ι
1136 2351 1209 2426 quod
1224 2351 1351 2404 abhorret
1369 2367 1428 2402 sane

366 2433 421 2487 lius
434 2435 490 2487 reri
500 2434 628 2496 arbitror,
644 2453 675 2486 ex
691 2434 802 2486 Arsinoe
814 2433 879 2486 Cili-¹
921 2433 1121 2488 esimilitudine
1135 2433 1191 2486 veri
1204 2431 1365 2502 longissime.
1379 2431 1427 2481 ue·

369 2513 417 2567 cire
429 2511 588 2586 oppido,de
599 2532 653 2585 qno
665 2513 750 2579 lib.V,
760 2531 819 2585 cup.
833 2533 882 2577 ss,
921 2515 980 2586 pins
994 2537 1009 2569 a
1024 2512 1107 2568 codex
1126 2534 1132 2567 ι
1154 2538 1166 2560 ι
1183 2511 1294 2584 Reliqua
1311 2508 1428 2562 multitu-

370 2593 443 2666 quod
458 2594 538 2665 hujus
550 2594 665 2664 regionis
676 2606 747 2647 cotes
759 2594 879 2665 proxime
922 2595 984 2649 dine
995 2594 1114 2668 lapidum
1129 2606 1198 2647 totus
1211 2590 1341 2654 edificiis,
1350 2602 1399 2643 cte.
1412 2613 1423 2636 ι

369 2673 469 2747 pollere
480 2693 511 2726 ex
526 2674 587 2727 oleo
598 2686 625 2725 et
635 2692 703 2743 aqua
718 2672 820 2726 dictum
831 2686 879 2739 est,
922 2673 977 2727 Nos
985 2695 1000 2729 e
1008 2674 1145 2744 superiore
1155 2690 1219 2725 voce
1229 2668 1346 2724 litterula
1357 2688 1428 2740 repe·

370 2753 408 2814 uti
423 2752 470 2805 has
483 2772 513 2806 ex
529 2771 606 2823 equa.
620 2749 710 2806 fluxu.
921 2751 984 2819 tila,
1005 2781 1016 2803 ·
1030 2754 1054 2805 E
1068 2754 1169 2825 relique
1180 2749 1367 2813 multitudine,
1378 2773 1389 2795 ι
1403 2759 1428 2802 et

411 2831 437 2885 ⁵.
455 2832 593 2885 Tmlaentes.
613 2833 723 2901 Acutum
737 2830 880 2885 reddentes
921 2852 983 2887 mox
999 2831 1147 2885 indubitata
1166 2830 1353 2884 emendatione
1367 2830 1427 2897 rosus

368 2911 451 2968 eciem
466 2912 629 2975 cultrorum,
641 2924 670 2964 ut
688 2930 767 2983 quam
783 2912 878 2965 acerri·
920 2908 1082 2985 scripslmus.
1098 2908 1261 2965 Emendandi
1278 2909 1427 2962 suctorlsi·

368 3008 412 3043 me
427 3002 516 3061 postes
533 3000 631 3044 secent.
652 2986 738 3041 Hm·
921 2988 1018 3056 dorus,
1040 2992 1115 3065 Orig.
1134 2991 1180 3043 lib.
1204 2989 1283 3052 xlx,
1304 3005 1426 3060 capro,

410 3073 438 3123 6.
454 3070 585 3123 Trclrentes
597 3072 679 3121 aciem.
690 3067 761 3122 vido
775 3088 833 3141 quse
845 3066 879 3123 de
921 3070 967 3124 ubi
979 3072 1051 3125 hunc
1061 3072 1149 3125 locum
1160 3069 1299 3123 exscribit:
1313 3094 1324 3115 ι
1334 3066 1427 3132 Tolus,

367 3147 418 3202 buc
431 3169 496 3203 voce
511 3148 645 3213 diximus,
660 3168 718 3220 cap.
734 3150 778 3201 3ο.
791 3148 878 3202 Isido-
921 3150 1021 3223 lnquit,
1034 3148 1151 3206 edificiis
1162 3148 1263 3203 inutilis
1272 3160 1326 3211 est,
1335 3146 1427 3199 fonds·

368 3248 429 3290 rus,
445 3230 519 3302 Orig.
539 3230 587 3282 tib.
600 3229 681 3295 xv1,
702 3248 760 3299 esp.
779 3228 793 3282 3
809 3250 815 3280 :
831 3230 877 3283 «E
920 3232 1015 3285 mentis
1025 3244 1114 3303 aptus,
1129 3228 1288 3282 mortalitate
1301 3224 1426 3279 mollitio.

368 3308 471 3362 cotibus
479 3310 536 3362 elias
544 3310 739 3381 aquariesunt,
750 3309 808 3361 aliae
817 3308 877 3361 oleo
919 3308 959 3363 Ex
973 3322 1037 3363 estu
1051 3310 1156 3363 enimet
1165 3308 1248 3361 halitu
1260 3307 1340 3359 maris
1351 3306 1428 3359 frica-

368 3386 489 3458 iudigent
499 3389 526 3442 in
539 3388 658 3441 acuendo
669 3410 675 3439 :
685 3387 730 3441 sed
740 3389 829 3442 oleum
840 3390 878 3442 le·
919 3402 973 3456 tur,
995 3403 1020 3443 ct
1035 3390 1189 3443 verberatur
1205 3386 1346 3439 imbribus.
1363 3412 1374 3432 ι
1393 3386 1427 3438 Et

367 3484 450 3529 nem,
478 3470 590 3539 aquariae
615 3468 697 3521 eciem
722 3468 876 3523 acerrimam
919 3470 1054 3522 Plinianus
1067 3466 1166 3521 Index:
1184 3494 1195 3515 ι
1211 3462 1322 3519 XLVII.
1334 3466 1375 3517 De
1385 3484 1428 3519 co-

366 3544 691 3697 &papii-5:325Vox
705 3627 805 3681 celtica.
821 3628 855 3680 Il.
918 3544 1425 3697 ἓῖυεείᾗὶἒιῐιιινιιιξξηιῑίζθιῑὲῗιᾞέυέιιῖῑξ,

409 3706 877 3777 8.()uartarorioQunrtumobtinent
917 3706 961 3760 alii
984 3708 1068 3761 tolum
1086 3706 1214 3761 scribunt.
1226 3705 1351 3757 Vossium
1366 3702 1425 3757 vide

365 3786 457 3839 locum
471 3806 508 3839 eae
522 3799 593 3839 cotes
613 3805 672 3859 quar
692 3786 771 3838 saliva
791 3804 876 3857 asper·
917 3786 944 3839 in
957 3786 1173 3859 Etymol.‘I'olum
1185 3796 1313 3838 nostrates
1324 3795 1424 3848 vocam,

366 3862 875 4013 “zlltssfltll'zlllltllla
919 3864 1424 4019 lssslsszt'tl'llllltssl.ll}

366 4011 644 4079 ForteFlaminionoea
662 4023 794 4077 Flaminio
810 4042 877 4096 quo·
922 4024 1031 4078 «Antra
1052 4024 1124 4079 subit
1151 4024 1211 4093 tofi,
1234 4024 1371 4095 laqueata,
1399 4034 1424 4074 et

365 4104 436 4173 plsm
450 4103 634 4176 redemptore,
646 4121 693 4157 seu
709 4102 874 4175 publicano:
919 4106 1026 4177 pumice
1040 4104 1102 4158 viro
1120 4124 1126 4156 ι
1148 4104 1277 4157 Garrulus
1295 4104 1321 4155 iu
1338 4102 1423 4174 primo

363 4194 395 4237 ut
405 4201 420 4235 a
432 4183 597 4238 metallorum
607 4180 724 4237 dominis
734 4183 874 4237 Liuianum
920 4183 1011 4238 limine
1021 4186 1093 4238 rivus
1106 4194 1168 4237 eret.
1183 4210 1194 4231 ι
1208 4182 1299 4237 Ilann.
