3100 5125
392 508 464 598 654
664 515 706 581 C.
734 511 900 581 PLlNll
925 511 1030 581 ΝΑΤ.
1057 514 1181 582 HIST.

1532 582 1533 618 l

393 661 429 716 et
444 643 536 716 albis.
556 647 602 716 Et
621 644 674 714 hae
692 669 825 739 quoque
841 658 957 716 contra
976 646 1166 740 scorpiones
1190 642 1316 716 validae.
1336 646 1460 717 Eadem
1532 663 1533 666 ’

396 754 576 822 auctoritas
598 765 632 820 et
653 753 785 845 Cypriis
813 765 870 820 est.
893 754 978 820 Sunt
1002 753 1058 845 qui
1081 753 1222 820 maxime
1248 753 1396 846 probent
1414 759 1461 822 ri·

364 874 379 925 3
398 875 503 926 tream
522 857 788 952 perspicuitatem
801 857 839 924 'in
859 858 910 927 bis
922 855 956 924 ¹⁹.
972 858 1202 952 Reperiuntur,
1210 859 1290 926 etin
1300 859 1461 948 Thracia,

398 965 538 1034 et‘circa
553 959 696 1047 OEtam,
711 976 745 1031 et
757 965 790 1030 iu
807 965 978 1047 Parnasso,
995 965 1077 1031 etin
1092 963 1220 1050 lesbo,
1237 987 1276 1032 ac
1293 966 1461 1052 Messene,

398 1068 521 1138 similes
539 1065 678 1138 limitum
700 1069 880 1157 lloribus²⁰‚
901 1083 934 1139 et
950 1069 983 1136 in
998 1068 1127 1138 Rhodo.
1150 1067 1231 1138 Aliae
1246 1069 1338 1164 apud
1354 1095 1462 1166 magos

398 1175 602 1244 differentis.
615 1176 771 1244 Leoninae
784 1173 859 1270 pelli
874 1173 1010 1260 similes,
1019 1176 1199 1270 potentiam
1211 1175 1339 1244 habere
1352 1192 1463 1246 contra

400 1285 589 1376 scorpiones
609 1279 774 1350 dicuntur.
796 1283 836 1348 ln
853 1283 960 1350 Persis
980 1305 1057 1350 vero
1074 1279 1189 1350 suffitu
1207 1305 1322 1349 carum
1342 1296 1463 1377 tempe

401 1402 502 1457 ststes
516 1388 638 1473 averti,
658 1401 692 1455 et
708 1400 867 1481 praeterea
885 1385 1064 1456 fulmina¹¹.
1082 1390 1325 1482 Argumentum
1342 1411 1429 1474 esse,
1441 1391 1464 1457 si

402 1497 436 1562 in
458 1493 623 1562 ferventes
644 1493 788 1561 cortinas
810 1491 928 1562 additae
947 1493 1164 1587 refrigerent:
1186 1491 1243 1562 sed
1262 1508 1300 1562 ut
1319 1494 1463 1587 prosint,

401 1599 538 1669 leoninis
551 1599 668 1692 jubis¹¹
685 1595 889 1692 alligandas:
907 1623 985 1666 nam
1001 1599 1125 1692 byaenae
1139 1597 1217 1694 pelli
1235 1598 1378 1667 similem
1397 1601 1466 1668 abo

367 1735 383 1793 4
401 1708 582 1790 minantur,
600 1702 829 1773 discordialem
855 1704 1027 1773 domibus.
1047 1707 1128 1772 Eam
1153 1729 1254 1789 vero,
1279 1729 1357 1798 quae
1374 1708 1464 1774 unius

400 1810 521 1881 coloris
539 1799 626 1895 sit¹³,
647 1811 807 1879 invictam
825 1809 956 1880 athletis
976 1797 1088 1880 esse'⁴.
1110 1813 1356 1904 Argumentum
1383 1811 1463 1904 ejus.

403 1917 493 2012 quod
516 1918 551 1984 in
578 1915 643 1984 olla
672 1913 769 2011 plena
794 1915 858 1985 olei
879 1931 974 1986 cocta
1004 1941 1081 1985 cum
1105 1917 1305 2013 pigmentis,
1327 1931 1363 1985 et
1386 1918 1464 1984 intra

406 2023 489 2092 duas
515 2022 617 2091 horas
648 2021 909 2106 subfervefacta,
934 2046 1037 2090 unum
1070 2019 1215 2091 colorem
1250 2046 1292 2090 ex
1317 2022 1465 2092 omnibus

406 2129 506 2200 faciat
520 2113 654 2211 mipii²⁵.
669 2131 803 2224 Acqpos
823 2129 909 2197 nitro
928 2127 1042 2198 similis
1063 2143 1129 2207 est,
1152 2128 1346 2223 pumicosa,
1368 2131 1466 2197 aureis

405 2236 508 2330 guttis
521 2232 657 2303 stellata.
679 2235 766 2304 Cum
788 2234 852 2303 bae
871 2232 980 2304 oleum
1003 2233 1284 2304 subfervefactum
1291 2237 1466 2362 perunctis

406 2339 630 2442 lassitudinem
652 2333 703 2428 (si
721 2332 915 2430 mederum)
929 2338 1037 2411 solvit.
1064 2339 1278 2410 Alabastrites
1327 2343 1467 2410 nascitru

449 2515 494 2567 19.
508 2494 625 2568 Suntqtu'
635 2498 738 2547 maxims
754 2495 857 2567 prodent
877 2497 917 2547 νὶ-
1005 2494 1051 2548 i'o'.
1075 2495 1139 2565 Ques
1155 2498 1226 2546 unius
1251 2495 1340 2546 cotom
1364 2497 1406 2547 sit.
1430 2495 1468 2548 Sir

407 2590 480 2630 troam
493 2578 685 2647 perspicuitatem
699 2580 724 2628 iu
737 2576 783 2629 liis.
797 2573 915 2647 Legend.
960 2574 1037 2628 MSS.
1050 2593 1157 2638 omnes,
1168 2573 1287 2645 editique
1296 2574 1376 2637 libri,
1389 2577 1469 2629 sertis·

411 2686 422 2706 ι
440 2658 508 2711 Sunt
529 2656 576 2727 qui
599 2656 714 2708 maxime
736 2656 855 2727 probent
878 2655 919 2707 ri·
960 2655 1043 2707 sime:
1055 2672 1110 2709 non
1121 2658 1190 2706 minii
1198 2655 1295 2719 eoloris,
1303 2667 1333 2708 nt
1341 2655 1425 2708 visum
1435 2668 1469 2708 est

408 2752 491 2791 tresm
500 2735 919 2807 perspicuitstern.Reperiuntur
961 2732 1229 2787 nonnemini.llsnn.

408 2831 434 2871 et
444 2817 486 2869 bes
501 2816 527 2867 in
542 2814 666 2867 Threcia.
681 2842 691 2862 ι
704 2814 789 2868 Sssss.
804 2846 844 2858 -
857 2812 921 2867 Sunt
1005 2821 1050 2879 ²4.
1073 2814 1189 2865 Invictum
1210 2815 1308 2866 athletis
1325 2834 1386 2867 esse.
1407 2814 1469 2867 lnri·

408 2899 451 2967 qui
462 2896 570 2947 maxime.
590 2893 696 2947 Solinus
706 2894 758 2947 loc.
774 2894 821 2949 cit.
839 2920 849 2940 ι
865 2892 920 2959 Qui
964 2905 1020 2945 ctos
1037 2890 1150 2946 reddere
1172 2892 1293 2948 athletas.
1308 2895 1389 2947 Vires
1411 2912 1468 2946 ron·

409 2976 524 3028 mexime
536 2974 694 3044 probantur,
703 2974 814 3027 vitream
822 2973 921 3027 hebent
964 2972 1032 3025 serre
1041 2972 1202 3044 corporibus
1211 2971 1280 3026 dixit
1290 2973 1414 3025 Albertus
1422 2972 1472 3025 Ms-

409 3053 636 3127 peespicuitstem,
650 3065 680 3105 ut
689 3052 814 3124 Cyprius.
829 3078 853 3105 ι.
865 3052 899 3104 Η.
964 3070 1045 3123 gnus,
1058 3051 1091 3105 de
1104 3052 1227 3111 Miseret.
1237 3052 1287 3108 lib.
1296 3054 1403 3124 ILpag.
1413 3054 1470 3105 ssd.

451 3153 494 3187 so.
525 3134 638 3185 Limitum
658 3133 769 3198 floribus.
797 3130 922 3185 Floribus
965 3131 1072 3185 Scilicet
1087 3130 1160 3202 quod
1169 3132 1260 3185 omnia
1271 3132 1410 3205 pigments
1419 3132 1472 3203 qni·

410 3213 457 3285 qui
472 3213 501 3265 in
516 3212 648 3267 limitibus
666 3230 789 3283 agrorum
809 3228 923 3263 nemun·
965 3211 1076 3264 buscnm
1092 3210 1303 3283 incoquebatur,
1322 3212 1394 3264 intro
1417 3210 1474 3263 dues

411 3309 463 3347 tur.
477 3292 568 3345 Hsnn.
965 3290 1044 3344 bores
1075 3290 1192 3343 colorem
1219 3308 1298 3343 suum
1319 3290 1472 3343 miniseeuns

453 3390 499 3425 ar.
516 3372 554 3424 Et
569 3381 688 3441 praterea
704 3369 821 3438 fulmina.
836 3366 923 3423 Isido-
965 3371 1072 3423 sorbere
1098 3367 1238 3441 adigebat,
1264 3388 1298 3423 eo
1322 3382 1475 3440 argumento

411 3471 473 3514 rus,
486 3450 561 3521 Orig.
576 3450 624 3504 lib.
646 3449 730 3514 xvl,
748 3468 806 3521 cap.
827 3468 872 3512 rr,
888 3446 922 3501 de
966 3449 1070 3503 stbletss
1084 3449 1209 3503 invictum
1221 3467 1279 3501 eam
1294 3468 1351 3501 esse
1362 3468 1476 3520 pronun·

411 3532 521 3585 scbste:
538 3555 550 3577 ι
563 3529 649 3599 Magi,
660 3530 764 3600 inquit,
779 3528 869 3583 suffitu
880 3547 923 3581 es·
968 3530 1077 3583 tiabsnt.
1094 3529 1186 3582 Hirro.

411 3630 487 3672 mm,
500 3607 522 3662 si
530 3606 663 3671 creditur,
674 3622 839 3681 tempestates
847 3626 924 3660 sver-
1010 3610 1054 3663 25.
1064 3608 1146 3673 Minii.
1159 3606 1285 3661 Miniacei
1294 3608 1397 3661 coloris
1409 3606 1477 3659 sobr-

412 3702 486 3755 tnnt,
502 3688 613 3741 flumine
625 3689 730 3742 sistunt.
746 3714 757 3735 ι
772 3688 812 3741 Ex
826 3688 924 3741 Plinis·
966 3702 1011 3742 ten
1022 3684 1112 3741 laudat
1125 3701 1151 3741 et
1163 3688 1307 3759 Orpheus,
1320 3688 1362 3741 tit.
1372 3680 1477 3756 Ᾱχάης.

411 3771 454 3825 nis
466 3765 621 3831 codicibus,
636 3765 743 3835 fulmina
766 3766 817 3839 legi
837 3768 923 3825 multo
966 3757 997 3822 lis
1014 3764 1041 3820 δ’
1058 3768 1098 3838 ὅγε
1122 3770 1304 3839 μιλτοπάρῃος,
1319 3780 1371 3835 ete.
1394 3768 1478 3819 Hnn.

413 3849 514 3904 tnslim.
524 3846 613 3899 lissi).
662 3898 665 3905 ,
966 3880 1006 3891 -
1020 3839 1247 3917 desponderunt,
1261 3844 1335 3917 quod
1350 3848 1479 3909 laborem,

427 3937 432 3946 “
456 3948 501 3981 ss.
520 3930 632 3979 leoninis
643 3926 717 3996 judis
736 3925 796 3977 Pilo
816 3943 831 3977 e
850 3925 923 3995 jubis
967 3929 1007 3980 τὸν
1035 3927 1125 3991 κόπον,
1141 3940 1168 3979 et
1189 3925 1376 3980 lassitudinem
1396 3927 1479 3977 levare

414 4010 530 4061 leonum.
546 4006 590 4060 Sic
604 4006 683 4077 paulo
698 4004 783 4070 inire,
797 4004 924 4075 aspilaten
970 4005 1096 4059 creditur.
1111 4006 1203 4059 Hsnu.

415 4088 451 4139 nit
473 4086 565 4139 cameli
588 4084 648 4156 pilis
671 4083 794 4155 splenicis
825 4084 926 4157 slligsri
1013 4081 1482 4156 26.Alubastrites.Apolloniusspud

415 4179 547 4237 oportere.
564 4164 656 4217 lisso.
883 4178 886 4185 ’
971 4164 1118 4229 Galerium,
1131 4164 1218 4218 lib.V
1231 4162 1299 4217 serti
1315 4164 1482 4225 educastis·
