3100 5125
389 603 394 610 .
450 487 636 609 'mnan
663 543 842 613 xxxvl.
1121 545 1192 642 469

133 673 272 768 psephos
291 673 464 741 vocatur²⁰.
481 675 703 762 Quantislibet
722 674 862 747 molibus
885 675 1076 746 caedendis²¹
1097 679 1192 748 suffi-

132 783 221 848 ciunt
237 777 428 872 lapicidina.
449 781 580 850 Statuas
593 805 634 849 ex
650 807 690 851 eo
708 780 847 851 Claudio
861 784 982 852 Caesari
996 800 1193 878 procurator

130 886 199 977 ejus
217 886 250 952 in
271 883 398 953 Urbem
418 909 459 952 ex
478 887 619 981 AEgypto
635 886 768 956 advexit
782 889 944 957 Vitrasius
957 888 1061 958 Pollio
1071 891 1106 976 ²³,
1124 917 1192 960 non

131 981 309 1058 admodum
325 991 466 1084 probata
486 982 671 1061 novitate²³.
684 995 791 1062 Nemo
808 1008 898 1063 certe
916 1009 1029 1089 postea
1047 997 1192 1066 imitatus

131 1109 190 1166 est.
212 1097 346 1164 Invenit
373 1097 487 1166 eadem
507 1099 667 1192 AEgyptus
687 1100 721 1167 in
746 1099 929 1194 AEtbiopia,
950 1101 1049 1193 quern
1070 1118 1192 1171 vocant

131 1192 320 1288 basalten²⁴‚
335 1201 432 1272 ferrei
452 1201 572 1275 coloris
587 1219 685 1299 atque
701 1205 842 1274 duritiae.
864 1205 961 1274 Unde
977 1221 1010 1275 et
1025 1231 1146 1276 nomeu
1161 1209 1191 1278 ei
1209 1226 1225 1282 t

170 1406 639 1482 no.Iaeptopseplrosuocutur.Asrrriiru·
683 1412 818 1466 bominem
839 1413 981 1484 appellari,
997 1413 1043 1467 sed
1058 1415 1191 1468 Vitmsium

130 1511 186 1560 pse,
201 1487 275 1560 quod
289 1508 403 1560 nempe,
416 1503 446 1543 ut
459 1485 638 1560 Memphites,
682 1504 788 1563 gentem
809 1511 962 1557 muranum,
984 1505 1010 1546 et
1025 1495 1192 1565 'ejus'gentis

130 1568 163 1622 de
186 1587 241 1640 quo
258 1567 358 1621 dietum
374 1581 412 1622 cst
436 1570 572 1641 proxime,
587 1571 639 1622 cal-
683 1589 831 1643 cognomen
853 1572 987 1624 Pollionem
1011 1573 1098 1626 fuisse.
1125 1573 1191 1628 Satis

131 1649 255 1702 culorum
271 1647 482 1720 magnitudinem
497 1647 527 1701 id
539 1667 637 1719 genus,
682 1650 764 1721 igitur
794 1649 905 1722 quadrat
937 1651 989 1704 hoc
1015 1652 1189 1723 ‘rescriptum

130 1727 201 1798 quod
212 1740 251 1780 est
259 1725 380 1781 candidis
389 1731 495 1798 punctis
503 1729 637 1781 interstin-
682 1729 917 1795 Quemadmodum
934 1730 1112 1801 etiamrquod
1127 1733 1192 1788 scri·

129 1819 216 1871 etum,
235 1826 291 1859 non
313 1820 428 1878 superet.
456 1809 536 1862 Hune
557 1809 638 1861 Plinii
680 1809 722 1862 bit
740 1808 806 1869 Dio,
827 1809 875 1862 lib.
897 1809 1014 1862 LVIII:
1033 1812 1087 1880 quu
1110 1813 1189 1882 τούτῳ

129 1888 217 1940 locum
232 1887 374 1940 Salmasius
387 1900 547 1957 prepostere
566 1906 638 1942 accc·
681 1890 834 1959 Oinspuoicu
850 1889 976 1950 Πωλίωνος
998 1896 1041 1942 τοῦ
1057 1895 1102 1951 τῆς
1117 1893 1191 1962 Atqu·

128 1967 168 2037 pit
179 1967 208 2020 in
218 1965 303 2018 Solio.
318 1985 378 2037 pag.
394 1966 465 2031 ὅθι,
479 1967 526 2038 qui
543 1985 637 2038 apun-
680 1987 744 2020 orsu
758 1967 874 2037 ἄρχοντος
886 1968 1093 2034 serraricum,
1112 1962 1189 2042 lssripu

128 2060 230 2099 etorum
246 2063 292 2098 seu
306 2046 440 2098 furfurum
450 2045 636 2117 caodore,qui
680 2048 727 2100 τινὶ
747 2049 888 2118 Καισαριίῳ
906 2049 988 2118 χρόνον
1008 2048 1064 2101 τινὰ
1083 2050 1111 2101 τὸ
1126 2050 1189 2111 itanc

127 2125 155 2178 iu
178 2124 325 2197 posteriore
343 2125 391 2178 illo
408 2125 571 2196 porphyritis
591 2145 636 2196 ge·
680 2127 807 2197 ἐπέτριψε.
823 2152 834 2174 ι
845 2127 956 2180 Interim
970 2127 1190 2182 VitrasioPollio·

127 2223 190 2259 nere
211 2216 384 2275 spargantur,
410 2206 568 2276 Iaeptopseplri
591 2224 637 2257 oo·
672 2207 844 2277 >ue,AEgypti
858 2206 1063 2276 praelecto,vita
1081 2208 1187 2272 suncto,

127 2302 243 2354 gnomen
255 2283 373 2336 inditum
387 2285 498 2354 putarit.
511 2285 543 2336 ln
561 2282 637 2338 libris
680 2297 731 2339 ete.
742 2312 754 2332 ι
765 2285 815 2338 Hic
825 2287 866 2339 vel
879 2299 967 2356 pater,
978 2286 1019 2339 vel
1031 2305 1046 2338 e
1057 2299 1121 2339 natu
1134 2305 1189 2341 mu·

120 2364 257 2417 -baoteuus
263 2361 353 2428 editis,
363 2364 524 2428 bursarium,
535 2382 567 2416 ex
578 2383 637 2416 eru·
677 2365 781 2436 juribus
792 2364 980 2436 proximorum
993 2365 1045 2417 tuis
1058 2369 1128 2436 ejus,
1141 2384 1189 2418 cu·

127 2441 253 2496 ditorum'
266 2442 470 2513 interpolatione
492 2442 636 2513 legebatur.
677 2445 721 2514 jus
733 2443 855 2496 meminit
865 2443 974 2497 Plinius.
984 2444 1063 2514 Lapis
1074 2445 1189 2499 Puteolis

127 2525 163 2577 Ar
172 2525 237 2594 Reg.
252 2541 285 2588 a,
299 2521 376 2577 Colb.
388 2524 420 2587 3,
434 2534 460 2576 et
470 2522 585 2575 Pintiani
595 2541 637 2577 oo·
679 2523 708 2575 in
720 2521 834 2595 quadam
851 2524 919 2577 turri
938 2521 1010 2593 apud
1023 2523 1185 2587 Gruterum,

127 2602 464 2674 dsx,Lsptosoplros,uude
483 2620 533 2655 nos
548 2603 635 2673 Lepto-
678 2603 726 2656 fol.
750 2622 822 2673 192,
848 2621 880 2655 ιο
896 2620 903 2655 :
920 2621 1067 2657 unornane.
1085 2622 1124 2657 ιι.
1146 2622 1186 2656 ιι).

124 2685 226 2755 pssplus
241 2682 385 2737 elicuimus.
404 2683 496 2736 Hsan.
680 2687 743 2737 avo}
753 2700 780 2736 r.
793 2700 928 2736 vranssro.
945 2700 1094 2735 rosnacum.
1108 2700 1141 2735 ιι.
1153 2700 1187 2735 ιι.
1199 2734 1202 2748 .

169 2781 215 2816 ιι.
226 2763 388 2833 Quantalibet
396 2762 496 2815 molibus
507 2762 633 2815 caedendis.
679 2780 787 2815 rusaio.
809 2780 887 2815 arno.
905 2761 983 2833 Apud
998 2756 1123 2815 ¹eumdem
1139 2764 1185 2815 iol.

126 2842 159 2895 Id
171 2859 236 2895 vero
248 2841 283 2895 de
300 2842 396 2913 prioris
413 2840 577 2913 porphyrius
589 2860 635 2913 ge·
680 2844 748 2897 302:
760 2859 906 2895 rmaasrrs.
920 2859 1008 2895 rouro.
1020 2842 1187 2895 Gnosius.-

126 2940 190 2975 uere
199 2921 393 2993 accipiendum.
404 2922 494 2975 Ilauo.
681 2924 803 2974 Vitrasim
810 2922 899 2974 Pollio.
912 2922 986 2974 Libri
996 2920 1123 2974 hactenus
1132 2920 1186 2973 lere

167 3020 212 3055 aa.
230 3003 341 3054 Triarius
363 3002 442 3055 Pollio
461 2992 472 3069 (
478 3002 515 3054 sic
528 3000 603 3071 prius
613 2993 633 3068 ).
677 3000 756 3067 editi,
769 3002 879 3054 Triarius
886 3001 984 3063 Pollio,·
997 3001 1130 3054 Parmens.
1143 2999 1184 3053 ed.

126 3083 191 3135 'I’rcs
202 3081 422 3153 quibusutimur,
437 3080 568 3132 Vitricsius
577 3081 634 3133 Poi-
681 3084 738 3133 Tris
761 3083 862 3135 Asinius
880 3080 970 3133 Pollio.
990 3081 1023 3132 At
1039 3082 1102 3149 lleg.
1125 3098 1139 3131 a
1159 3092 1187 3133 et

125 3164 167 3214 lio.
190 3162 274 3214 Recte
285 3161 366 3230 igitur
376 3161 527 3213 restitutum
547 3160 633 3211 Vitru-
678 3162 757 3214 Colb.
771 3160 802 3224 3,
816 3160 844 3211 V
841 3164 937 3212 ierusius
948 3158 1043 3211 'Paua
1060 3159 1116 3211 Nos
1128 3170 1184 3211 tum

125 3244 186 3301 sius,
203 3254 233 3294 ut
242 3240 322 3311 plane
331 3240 477 3310 Menapius.
493 3237 545 3292 Sed
555 3257 634 3309 quos·
677 3258 708 3293 ex
722 3241 822 3303 Dione,
835 3251 894 3293 tum
911 3258 944 3291 ex
961 3238 1075 3308 antiquis
1088 3256 1186 3290 mouu-

126 3320 187 3372 dam
201 3319 239 3371 sic
251 3320 337 3390 legere
349 3320 438 3383 aiunt,
449 3331 480 3371 ut
492 3316 564 3389 apud
575 3319 635 3370 Mo·
677 3320 785 3376 mentis,
796 3318 935 3372 Gronovio
947 3330 1093 3388 preeunte,
1104 3317 1187 3369 Vitru-

126 3398 258 3452 destioum
270 3398 454 3451 iurisconsult.
464 3398 493 3451 in
505 3395 634 3469 rescripto
676 3402 736 3451 simu
748 3396 910 3469 scripsimus.
926 3398 1018 3450 Hanu.

126 3477 255 3532 lladriaui
277 3476 311 3530 ad
330 3478 462 3531 Vitrusium
475 3477 608 3529 Polis‘ouem
624 3499 634 3530 :
719 3476 1183 3547 a&Nonadmodumprobutunouitata·

125 3576 218 3610 verum
231 3556 260 3610 id
271 3557 381 3609 minime
396 3555 633 3629 quadrare,quum
677 3558 711 3609 Et
722 3556 817 3609 merito
828 3554 936 3625 quidem
950 3557 991 3608 :iu
1004 3556 1046 3607 his
1058 3556 1128 3607 enim
1138 3569 1186 3611 sta·

124 3634 291 3690 Hadrianum
300 3637 390 3689 multis
398 3638 474 3689 anuis
482 3636 584 3689 Plinius
590 3655 634 3689 au·
678 3638 730 3690 tuis
742 3654 845 3689 summa
864 3633 1025 3697 difficultas,
1040 3634 1113 3686 nulla
1127 3653 1186 3705 gra·

125 3717 258 3769 recesserit
268 3734 275 3767 τ
287 3734 372 3787 eoque
387 3717 468 3769 alium
484 3715 633 3769 Pollionem
677 3716 761 3769 usur
772 3713 1185 3787 iuuntiquisporpbyreticissts·

125 3796 204 3849 luisse
215 3814 351 3849 necmum
363 3814 508 3867 essequam
520 3813 592 3859 eum,
600 3795 634 3848 ad
678 3796 748 3859 tuis,
763 3814 824 3865 quae
839 3808 952 3861 exstant,
968 3806 1065 3864 eaput,
1079 3812 1185 3855 manus,

124 3894 203 3946 quem
214 3876 320 3945 scripsit
333 3874 490 3928 Hadrianus.
502 3873 570 3939 Quis
581 3873 634 3928 du·
674 3873 775 3945 pedes,
786 3887 847 3927 sunt
858 3893 888 3926 ex
906 3874 959 3927 alio
975 3891 1109 3926 marmore
1124 3892 1186 3926 can·

124 3955 213 4009 bitat?
228 3973 278 4008 nec
287 3953 389 4007 Plinius
400 3953 567 4007 Hadrianum
575 3972 633 4007 mo·
678 3952 882 4019 dido‚basalte‚
895 3966 944 4006 etc.
964 3954 1047 4005 Banu.

124 4033 173 4099 do,
187 4032 234 4088 sed
250 4048 277 4088 et
293 4032 420 4088 Claudius
437 4033 563 4087 Plinium.
578 4034 634 4098 Qui
720 4038 766 4094 ai.
783 4034 858 4101 Quem
871 4045 958 4084 uocant
976 4031 1092 4082 lasnltsrr.
1108 4030 1187 4083 Hunc

65 4171 70 4186 .
124 4115 283 4185 rescriptum
294 4113 634 4178 lladrianiadvonavit‚iu·
677 4110 792 4182 lapidem
808 4114 844 4165 sic
867 4110 993 4165 describit
1016 4110 1185 4172 Strabo‚lib.

124 4192 245 4250 sinuabat
271 4213 328 4247 non
352 4192 474 4247 eumdem
490 4193 634 4263 utrobique
677 4192 776 4244 xvtt:
792 4193 868 4245 «Nos
880 4190 969 4245 Philas
980 4208 1011 4241 ex
1018 4190 1104 4259 Syene
1114 4194 1189 4262 plau-

971 4276 1040 4355 303
