<?xml version="1.0" encoding="UTF-8"?>
<!DOCTYPE html PUBLIC "-//W3C//DTD XHTML 1.0 Transitional//EN"
    "http://www.w3.org/TR/xhtml1/DTD/xhtml1-transitional.dtd">
<html xmlns="http://www.w3.org/1999/xhtml" xml:lang="en" lang="en">
 <head>
  <title>
</title>
<meta http-equiv="Content-Type" content="text/html;charset=utf-8" />
  <meta name='ocr-system' content='tesseract 3.04.00' />
  <meta name='ocr-capabilities' content='ocr_page ocr_carea ocr_par ocr_line ocrx_word'/>
</head>
<body>
  <div class='ocr_page' id='page_1' title='image "./caiipliniisecun00hardgoog_0093.png"; bbox 0 0 3100 5125; ppageno 0'>
   <div class='ocr_carea' id='block_1_1' title="bbox 471 532 1184 606">
    <p class='ocr_par' dir='ltr' id='par_1_1' title="bbox 471 532 1184 606">
     <span class='ocr_line' id='line_1_1' title="bbox 471 532 1184 606; baseline 0.008 -7"><span class='ocrx_word' id='word_1_1' title='bbox 471 532 623 600; x_wconf 82' lang='lat' dir='ltr'>LIBER</span> <span class='ocrx_word' id='word_1_2' title='bbox 649 533 839 602; x_wconf 86' lang='lat' dir='ltr'>XXXIII.</span> <span class='ocrx_word' id='word_1_3' title='bbox 1138 532 1184 606; x_wconf 85' lang='lat'>85</span> 
     </span>
    </p>
   </div>
   <div class='ocr_carea' id='block_1_2' title="bbox 117 661 1218 2351">
    <p class='ocr_par' dir='ltr' id='par_1_2' title="bbox 117 661 1218 1608">
     <span class='ocr_line' id='line_1_2' title="bbox 117 661 1188 757; baseline 0.005 -26"><span class='ocrx_word' id='word_1_4' title='bbox 117 661 191 757; x_wconf 89' lang='lat' dir='ltr'>gilla</span> <span class='ocrx_word' id='word_1_5' title='bbox 212 661 319 750; x_wconf 86' lang='lat' dir='ltr'>ferro,</span> <span class='ocrx_word' id='word_1_6' title='bbox 341 661 474 732; x_wconf 77' lang='lat' dir='ltr'>cadmia</span> <span class='ocrx_word' id='word_1_7' title='bbox 495 665 566 734; x_wconf 78' lang='lat' dir='ltr'>aeris</span> <span class='ocrx_word' id='word_1_8' title='bbox 583 666 715 752; x_wconf 84' lang='lat' dir='ltr'>massis,</span> <span class='ocrx_word' id='word_1_9' title='bbox 740 662 873 734; x_wconf 84' lang='lat' dir='ltr'>elumen</span> <span class='ocrx_word' id='word_1_10' title='bbox 898 662 1046 748; x_wconf 84' lang='lat' dir='ltr'>laminis,</span> <span class='ocrx_word' id='word_1_11' title='bbox 1078 667 1188 736; x_wconf 87' lang='lat' dir='ltr'>resina</span> 
     </span>
     <span class='ocr_line' id='line_1_3' title="bbox 117 768 1183 867; baseline 0.006 -32"><span class='ocrx_word' id='word_1_12' title='bbox 117 768 254 863; x_wconf 92' lang='lat' dir='ltr'>plumbo</span> <span class='ocrx_word' id='word_1_13' title='bbox 274 783 309 839; x_wconf 90' lang='lat' dir='ltr'>et</span> <span class='ocrx_word' id='word_1_14' title='bbox 335 771 495 839; x_wconf 87' lang='lat' dir='ltr'>marmori</span> <span class='ocrx_word' id='word_1_15' title='bbox 511 796 519 838; x_wconf 92' lang='lat'>:</span> <span class='ocrx_word' id='word_1_16' title='bbox 535 770 610 839; x_wconf 83' lang='lat' dir='ltr'>sed²</span> <span class='ocrx_word' id='word_1_17' title='bbox 633 770 805 866; x_wconf 86' lang='lat' dir='ltr'>plumbum</span> <span class='ocrx_word' id='word_1_18' title='bbox 828 772 959 864; x_wconf 82' lang='lat' dir='ltr'>nigrum</span> <span class='ocrx_word' id='word_1_19' title='bbox 977 770 1053 840; x_wconf 92' lang='lat' dir='ltr'>albo</span> <span class='ocrx_word' id='word_1_20' title='bbox 1069 772 1183 867; x_wconf 89' lang='lat' dir='ltr'>jungi-</span> 
     </span>
     <span class='ocr_line' id='line_1_4' title="bbox 118 874 1185 969; baseline 0.007 -28"><span class='ocrx_word' id='word_1_21' title='bbox 118 890 183 959; x_wconf 89' lang='lat' dir='ltr'>tur,</span> <span class='ocrx_word' id='word_1_22' title='bbox 200 878 377 969; x_wconf 87' lang='lat' dir='ltr'>ipsumque</span> <span class='ocrx_word' id='word_1_23' title='bbox 396 874 506 945; x_wconf 91' lang='lat' dir='ltr'>album</span> <span class='ocrx_word' id='word_1_24' title='bbox 526 877 587 945; x_wconf 87' lang='lat' dir='ltr'>sibi</span> <span class='ocrx_word' id='word_1_25' title='bbox 605 875 792 946; x_wconf 76' lang='lat' dir='ltr'>oleo.&#39;Item</span> <span class='ocrx_word' id='word_1_26' title='bbox 809 890 964 946; x_wconf 78' lang='lat' dir='ltr'>stannum</span> <span class='ocrx_word' id='word_1_27' title='bbox 982 882 1185 967; x_wconf 73' lang='lat' dir='ltr'>aeramentis,</span> 
     </span>
     <span class='ocr_line' id='line_1_5' title="bbox 119 982 1184 1078; baseline 0.004 -29"><span class='ocrx_word' id='word_1_28' title='bbox 119 995 235 1049; x_wconf 89' lang='lat' dir='ltr'>stanno</span> <span class='ocrx_word' id='word_1_29' title='bbox 256 996 446 1074; x_wconf 86' lang='lat' dir='ltr'>argeutum.</span> <span class='ocrx_word' id='word_1_30' title='bbox 465 983 570 1051; x_wconf 88' lang='lat' dir='ltr'>Pineis</span> <span class='ocrx_word' id='word_1_31' title='bbox 588 984 711 1077; x_wconf 85' lang='lat' dir='ltr'>optime</span> <span class='ocrx_word' id='word_1_32' title='bbox 731 982 827 1078; x_wconf 87' lang='lat' dir='ltr'>lignis</span> <span class='ocrx_word' id='word_1_33' title='bbox 844 1008 888 1052; x_wconf 86' lang='lat' dir='ltr'>aes</span> <span class='ocrx_word' id='word_1_34' title='bbox 904 982 1093 1077; x_wconf 83' lang='lat' dir='ltr'>ferrumque</span> <span class='ocrx_word' id='word_1_35' title='bbox 1110 984 1184 1053; x_wconf 86' lang='lat' dir='ltr'>fun·</span> 
     </span>
     <span class='ocr_line' id='line_1_6' title="bbox 118 1086 1185 1217; baseline 0.007 -64"><span class='ocrx_word' id='word_1_36' title='bbox 118 1086 231 1155; x_wconf 89' lang='lat' dir='ltr'>ditur:</span> <span class='ocrx_word' id='word_1_37' title='bbox 255 1087 316 1155; x_wconf 83' lang='lat' dir='ltr'>sed</span> <span class='ocrx_word' id='word_1_38' title='bbox 341 1102 375 1156; x_wconf 89' lang='lat' dir='ltr'>et</span> <span class='ocrx_word' id='word_1_39' title='bbox 381 1089 544 1217; x_wconf 82' lang='lat' dir='ltr'>AEgyptia</span> <span class='ocrx_word' id='word_1_40' title='bbox 562 1113 716 1183; x_wconf 87' lang='lat' dir='ltr'>papyro·</span> <span class='ocrx_word' id='word_1_41' title='bbox 729 1087 833 1184; x_wconf 89' lang='lat' dir='ltr'>paleis</span> <span class='ocrx_word' id='word_1_42' title='bbox 851 1112 979 1158; x_wconf 85' lang='lat' dir='ltr'>aurum.</span> <span class='ocrx_word' id='word_1_43' title='bbox 996 1089 1080 1159; x_wconf 82' lang='lat' dir='ltr'>Calx</span> <span class='ocrx_word' id='word_1_44' title='bbox 1100 1114 1185 1186; x_wconf 90' lang='lat' dir='ltr'>aqua</span> 
     </span>
     <span class='ocr_line' id='line_1_7' title="bbox 120 1178 1183 1317; baseline 0.005 -56"><span class='ocrx_word' id='word_1_45' title='bbox 120 1192 326 1279; x_wconf 85' lang='lat' dir='ltr'>accenditur,</span> <span class='ocrx_word' id='word_1_46' title='bbox 342 1207 374 1262; x_wconf 89' lang='lat' dir='ltr'>et</span> <span class='ocrx_word' id='word_1_47' title='bbox 381 1178 563 1263; x_wconf 79' lang='lat' dir='ltr'>³Tbracius</span> <span class='ocrx_word' id='word_1_48' title='bbox 582 1194 684 1289; x_wconf 85' lang='lat' dir='ltr'>lapis:</span> <span class='ocrx_word' id='word_1_49' title='bbox 702 1194 854 1288; x_wconf 85' lang='lat' dir='ltr'>idemque</span> <span class='ocrx_word' id='word_1_50' title='bbox 867 1193 942 1264; x_wconf 91' lang='lat' dir='ltr'>oleo</span> <span class='ocrx_word' id='word_1_51' title='bbox 958 1197 1183 1317; x_wconf 79' lang='lat' dir='ltr'>restinguitur.</span> 
     </span>
     <span class='ocr_line' id='line_1_8' title="bbox 121 1300 1186 1393; baseline 0.005 -27"><span class='ocrx_word' id='word_1_52' title='bbox 121 1300 210 1393; x_wconf 81' lang='lat' dir='ltr'>Ignis</span> <span class='ocrx_word' id='word_1_53' title='bbox 227 1313 342 1369; x_wconf 90' lang='lat' dir='ltr'>autem</span> <span class='ocrx_word' id='word_1_54' title='bbox 356 1314 451 1369; x_wconf 87' lang='lat' dir='ltr'>aceto</span> <span class='ocrx_word' id='word_1_55' title='bbox 469 1301 612 1369; x_wconf 86' lang='lat' dir='ltr'>maxime</span> <span class='ocrx_word' id='word_1_56' title='bbox 625 1314 659 1368; x_wconf 92' lang='lat' dir='ltr'>et</span> <span class='ocrx_word' id='word_1_57' title='bbox 671 1300 786 1388; x_wconf 88' lang='lat' dir='ltr'>visco,</span> <span class='ocrx_word' id='word_1_58' title='bbox 798 1314 832 1370; x_wconf 92' lang='lat' dir='ltr'>et</span> <span class='ocrx_word' id='word_1_59' title='bbox 843 1324 919 1370; x_wconf 85' lang='lat' dir='ltr'>ovo.</span> <span class='ocrx_word' id='word_1_60' title='bbox 933 1304 1036 1370; x_wconf 88' lang='lat' dir='ltr'>Terra</span> <span class='ocrx_word' id='word_1_61' title='bbox 1051 1304 1186 1371; x_wconf 88' lang='lat' dir='ltr'>minime</span> 
     </span>
     <span class='ocr_line' id='line_1_9' title="bbox 123 1404 1150 1505; baseline 0.003 -32"><span class='ocrx_word' id='word_1_62' title='bbox 123 1405 249 1499; x_wconf 86' lang='lat' dir='ltr'>flagrat.</span> <span class='ocrx_word' id='word_1_63' title='bbox 263 1404 411 1475; x_wconf 85' lang='lat' dir='ltr'>Carboni</span> <span class='ocrx_word' id='word_1_64' title='bbox 424 1405 590 1499; x_wconf 86' lang='lat' dir='ltr'>majorvis</span> <span class='ocrx_word' id='word_1_65' title='bbox 603 1420 718 1475; x_wconf 86' lang='lat' dir='ltr'>exusto</span> <span class='ocrx_word' id='word_1_66' title='bbox 726 1408 933 1505; x_wconf 84' lang='lat' dir='ltr'>‚iterumque</span> <span class='ocrx_word' id='word_1_67' title='bbox 944 1407 1150 1501; x_wconf 84' lang='lat' dir='ltr'>flagranti.</span> 
     </span>
     <span class='ocr_line' id='line_1_10' title="bbox 171 1502 1218 1608; baseline 0.003 -30"><span class='ocrx_word' id='word_1_68' title='bbox 171 1514 304 1579; x_wconf 86' lang='lat' dir='ltr'>XXXI.</span> <span class='ocrx_word' id='word_1_69' title='bbox 314 1502 378 1600; x_wconf 84' lang='lat' dir='ltr'>(vr.</span> <span class='ocrx_word' id='word_1_70' title='bbox 381 1508 1043 1607; x_wconf 74' lang='lat' dir='ltr'>lbbbisargentinretalladicantur,qute¹</span> <span class='ocrx_word' id='word_1_71' title='bbox 1046 1538 1185 1608; x_wconf 87' lang='lat' dir='ltr'>sequens</span> <span class='ocrx_word' id='word_1_72' title='bbox 1207 1546 1218 1581; x_wconf 85' lang='lat'>1</span> 
     </span>
    </p>

    <p class='ocr_par' dir='ltr' id='par_1_3' title="bbox 121 1616 1192 2351">
     <span class='ocr_line' id='line_1_11' title="bbox 123 1616 1186 1715; baseline 0.004 -31"><span class='ocrx_word' id='word_1_73' title='bbox 123 1618 249 1685; x_wconf 84' lang='lat' dir='ltr'>insania</span> <span class='ocrx_word' id='word_1_74' title='bbox 271 1632 331 1687; x_wconf 90' lang='lat' dir='ltr'>est.</span> <span class='ocrx_word' id='word_1_75' title='bbox 351 1616 520 1687; x_wconf 86' lang='lat' dir='ltr'>Nonnisi</span> <span class='ocrx_word' id='word_1_76' title='bbox 510 1643 544 1686; x_wconf 90' lang='lat' dir='ltr'>m</span> <span class='ocrx_word' id='word_1_77' title='bbox 562 1619 669 1713; x_wconf 86' lang='lat' dir='ltr'>puteis</span> <span class='ocrx_word' id='word_1_78' title='bbox 684 1620 861 1712; x_wconf 81' lang='lat' dir='ltr'>reperitur,</span> <span class='ocrx_word' id='word_1_79' title='bbox 875 1617 1031 1714; x_wconf 90' lang='lat' dir='ltr'>nullaque</span> <span class='ocrx_word' id='word_1_80' title='bbox 1052 1622 1103 1688; x_wconf 83' lang='lat' dir='ltr'>sui</span> <span class='ocrx_word' id='word_1_81' title='bbox 1127 1646 1186 1715; x_wconf 88' lang='lat' dir='ltr'>spe</span> 
     </span>
     <span class='ocr_line' id='line_1_12' title="bbox 122 1721 1186 1809; baseline 0.001 -16"><span class='ocrx_word' id='word_1_82' title='bbox 122 1725 299 1793; x_wconf 81' lang='lat' dir='ltr'>nascitur:</span> <span class='ocrx_word' id='word_1_83' title='bbox 322 1721 439 1809; x_wconf 88' lang='lat' dir='ltr'>nullis,</span> <span class='ocrx_word' id='word_1_84' title='bbox 465 1738 502 1792; x_wconf 94' lang='lat' dir='ltr'>ut</span> <span class='ocrx_word' id='word_1_85' title='bbox 517 1724 564 1796; x_wconf 81' lang='lat' dir='ltr'>,iu</span> <span class='ocrx_word' id='word_1_86' title='bbox 590 1748 672 1793; x_wconf 85' lang='lat' dir='ltr'>auro</span> <span class='ocrx_word' id='word_1_87' title='bbox 694 1723 879 1795; x_wconf 90' lang='lat' dir='ltr'>lucentibus</span> <span class='ocrx_word' id='word_1_88' title='bbox 901 1724 1057 1795; x_wconf 81' lang='lat' dir='ltr'>scintillis.</span> <span class='ocrx_word' id='word_1_89' title='bbox 1084 1729 1186 1795; x_wconf 86' lang='lat' dir='ltr'>Terra</span> 
     </span>
     <span class='ocr_line' id='line_1_13' title="bbox 121 1822 1187 1927; baseline 0.003 -30"><span class='ocrx_word' id='word_1_90' title='bbox 121 1845 170 1897; x_wconf 82' lang='lat' dir='ltr'>est</span> <span class='ocrx_word' id='word_1_91' title='bbox 199 1828 264 1897; x_wconf 88' lang='lat' dir='ltr'>alia</span> <span class='ocrx_word' id='word_1_92' title='bbox 294 1829 388 1915; x_wconf 83' lang='lat' dir='ltr'>rulo,</span> <span class='ocrx_word' id='word_1_93' title='bbox 410 1828 474 1899; x_wconf 83' lang='lat' dir='ltr'>alia</span> <span class='ocrx_word' id='word_1_94' title='bbox 499 1822 678 1900; x_wconf 82' lang='lat' dir='ltr'>cineracea.</span> <span class='ocrx_word' id='word_1_95' title='bbox 715 1832 865 1925; x_wconf 84' lang='lat' dir='ltr'>Excoqui</span> <span class='ocrx_word' id='word_1_96' title='bbox 891 1856 959 1901; x_wconf 92' lang='lat' dir='ltr'>non</span> <span class='ocrx_word' id='word_1_97' title='bbox 981 1846 1106 1927; x_wconf 86' lang='lat' dir='ltr'>potest,</span> <span class='ocrx_word' id='word_1_98' title='bbox 1124 1833 1187 1902; x_wconf 81' lang='lat' dir='ltr'>nisi</span> 
     </span>
     <span class='ocr_line' id='line_1_14' title="bbox 123 1934 1185 2034; baseline 0.003 -31"><span class='ocrx_word' id='word_1_99' title='bbox 123 1960 198 2003; x_wconf 91' lang='lat' dir='ltr'>curn</span> <span class='ocrx_word' id='word_1_100' title='bbox 235 1934 374 2029; x_wconf 91' lang='lat' dir='ltr'>plumbo</span> <span class='ocrx_word' id='word_1_101' title='bbox 407 1937 520 2029; x_wconf 89' lang='lat' dir='ltr'>nigro,</span> <span class='ocrx_word' id='word_1_102' title='bbox 555 1951 613 2007; x_wconf 86' lang='lat' dir='ltr'>aut</span> <span class='ocrx_word' id='word_1_103' title='bbox 641 1958 718 2006; x_wconf 87' lang='lat' dir='ltr'>cum</span> <span class='ocrx_word' id='word_1_104' title='bbox 747 1962 832 2006; x_wconf 87' lang='lat' dir='ltr'>vena</span> <span class='ocrx_word' id='word_1_105' title='bbox 861 1934 996 2034; x_wconf 92' lang='lat' dir='ltr'>plumbi.</span> <span class='ocrx_word' id='word_1_106' title='bbox 1024 1936 1185 2007; x_wconf 82' lang='lat' dir='ltr'>Galenarb</span> 
     </span>
     <span class='ocr_line' id='line_1_15' title="bbox 123 2042 1188 2139; baseline 0.007 -31"><span class='ocrx_word' id='word_1_107' title='bbox 123 2056 259 2128; x_wconf 86' lang='lat' dir='ltr'>vocant,</span> <span class='ocrx_word' id='word_1_108' title='bbox 283 2066 356 2135; x_wconf 88' lang='lat' dir='ltr'>quae</span> <span class='ocrx_word' id='word_1_109' title='bbox 364 2042 459 2135; x_wconf 70' lang='lat' dir='ltr'>Juxta</span> <span class='ocrx_word' id='word_1_110' title='bbox 477 2044 605 2136; x_wconf 84' lang='lat' dir='ltr'>argenti</span> <span class='ocrx_word' id='word_1_111' title='bbox 621 2066 723 2113; x_wconf 83' lang='lat' dir='ltr'>venas</span> <span class='ocrx_word' id='word_1_112' title='bbox 738 2042 932 2138; x_wconf 88' lang='lat' dir='ltr'>plerumque</span> <span class='ocrx_word' id='word_1_113' title='bbox 951 2046 1125 2139; x_wconf 85' lang='lat' dir='ltr'>reperitur.</span> <span class='ocrx_word' id='word_1_114' title='bbox 1143 2048 1188 2115; x_wconf 88' lang='lat' dir='ltr'>Et</span> 
     </span>
     <span class='ocr_line' id='line_1_16' title="bbox 121 2146 1192 2245; baseline 0.005 -31"><span class='ocrx_word' id='word_1_115' title='bbox 121 2147 239 2215; x_wconf 90' lang='lat' dir='ltr'>eodem</span> <span class='ocrx_word' id='word_1_116' title='bbox 258 2172 360 2243; x_wconf 89' lang='lat' dir='ltr'>opere</span> <span class='ocrx_word' id='word_1_117' title='bbox 382 2149 507 2243; x_wconf 85' lang='lat' dir='ltr'>ignium</span> <span class='ocrx_word' id='word_1_118' title='bbox 529 2148 697 2218; x_wconf 88' lang='lat' dir='ltr'>descendit</span> <span class='ocrx_word' id='word_1_119' title='bbox 709 2174 786 2243; x_wconf 84' lang='lat' dir='ltr'>purs</span> <span class='ocrx_word' id='word_1_120' title='bbox 801 2151 836 2217; x_wconf 91' lang='lat' dir='ltr'>in</span> <span class='ocrx_word' id='word_1_121' title='bbox 857 2146 1050 2245; x_wconf 75' lang='lat' dir='ltr'>plumbum,</span> <span class='ocrx_word' id='word_1_122' title='bbox 1068 2174 1192 2244; x_wconf 72' lang='lat' dir='ltr'>orgen-¹</span> 
     </span>
     <span class='ocr_line' id='line_1_17' title="bbox 122 2254 1188 2351; baseline 0.004 -30"><span class='ocrx_word' id='word_1_123' title='bbox 122 2268 193 2323; x_wconf 89' lang='lat' dir='ltr'>tum</span> <span class='ocrx_word' id='word_1_124' title='bbox 211 2268 324 2323; x_wconf 85' lang='lat' dir='ltr'>autem</span> <span class='ocrx_word' id='word_1_125' title='bbox 339 2278 481 2348; x_wconf 84' lang='lat' dir='ltr'>superne</span> <span class='ocrx_word' id='word_1_126' title='bbox 493 2256 638 2341; x_wconf 84' lang='lat' dir='ltr'>innatat,</span> <span class='ocrx_word' id='word_1_127' title='bbox 657 2269 694 2323; x_wconf 87' lang='lat' dir='ltr'>ut</span> <span class='ocrx_word' id='word_1_128' title='bbox 711 2254 822 2324; x_wconf 89' lang='lat' dir='ltr'>oleum</span> <span class='ocrx_word' id='word_1_129' title='bbox 839 2258 943 2350; x_wconf 88' lang='lat' dir='ltr'>aquis.</span> <span class='ocrx_word' id='word_1_130' title='bbox 958 2258 1137 2351; x_wconf 86' lang='lat' dir='ltr'>Reperitur</span> <span class='ocrx_word' id='word_1_131' title='bbox 1153 2259 1188 2325; x_wconf 91' lang='lat' dir='ltr'>in</span> 
     </span>
    </p>
   </div>
   <div class='ocr_carea' id='block_1_3' title="bbox 122 2425 1255 4261">
    <p class='ocr_par' dir='ltr' id='par_1_4' title="bbox 122 2425 1191 3305">
     <span class='ocr_line' id='line_1_18' title="bbox 127 2425 1187 2509; baseline 0.002 -20"><span class='ocrx_word' id='word_1_132' title='bbox 127 2439 187 2509; x_wconf 69' lang='lat' dir='ltr'>gilla</span> <span class='ocrx_word' id='word_1_133' title='bbox 197 2437 355 2509; x_wconf 84' lang='lat' dir='ltr'>glutinatur,</span> <span class='ocrx_word' id='word_1_134' title='bbox 366 2437 636 2503; x_wconf 74' lang='lat' dir='ltr'>erismassecadmia,</span> <span class='ocrx_word' id='word_1_135' title='bbox 677 2436 769 2491; x_wconf 83' lang='lat' dir='ltr'>eadem</span> <span class='ocrx_word' id='word_1_136' title='bbox 783 2451 876 2492; x_wconf 78' lang='lat' dir='ltr'>auctor</span> <span class='ocrx_word' id='word_1_137' title='bbox 888 2437 950 2490; x_wconf 89' lang='lat' dir='ltr'>libri</span> <span class='ocrx_word' id='word_1_138' title='bbox 967 2437 1000 2490; x_wconf 85' lang='lat' dir='ltr'>de</span> <span class='ocrx_word' id='word_1_139' title='bbox 1009 2437 1103 2509; x_wconf 89' lang='lat' dir='ltr'>Simpl.</span> <span class='ocrx_word' id='word_1_140' title='bbox 1115 2425 1187 2491; x_wconf 75' lang='lat' dir='ltr'>me&#39;tl.</span> 
     </span>
     <span class='ocr_line' id='line_1_19' title="bbox 122 2516 1187 2590; baseline -0.001 -18"><span class='ocrx_word' id='word_1_141' title='bbox 122 2518 228 2572; x_wconf 78' lang='lat' dir='ltr'>lamina</span> <span class='ocrx_word' id='word_1_142' title='bbox 237 2518 371 2582; x_wconf 80' lang='lat' dir='ltr'>alumine,</span> <span class='ocrx_word' id='word_1_143' title='bbox 383 2530 432 2572; x_wconf 83' lang='lat' dir='ltr'>etc.</span> <span class='ocrx_word' id='word_1_144' title='bbox 448 2516 635 2573; x_wconf 70' lang='lat' dir='ltr'>«Sederonn</span> <span class='ocrx_word' id='word_1_145' title='bbox 677 2516 712 2573; x_wconf 84' lang='lat' dir='ltr'>ad</span> <span class='ocrx_word' id='word_1_146' title='bbox 734 2519 840 2573; x_wconf 80' lang='lat' dir='ltr'>Putem.</span> <span class='ocrx_word' id='word_1_147' title='bbox 860 2516 933 2590; x_wconf 89' lang='lat' dir='ltr'>Opp.</span> <span class='ocrx_word' id='word_1_148' title='bbox 951 2517 1049 2571; x_wconf 84' lang='lat' dir='ltr'>Galeni</span> <span class='ocrx_word' id='word_1_149' title='bbox 1065 2530 1083 2569; x_wconf 83' lang='grc'>1.</span> <span class='ocrx_word' id='word_1_150' title='bbox 1103 2518 1187 2580; x_wconf 85' lang='lat' dir='ltr'>XIII,</span> 
     </span>
     <span class='ocr_line' id='line_1_20' title="bbox 122 2596 1186 2671; baseline 0.001 -19"><span class='ocrx_word' id='word_1_151' title='bbox 122 2599 212 2671; x_wconf 73' lang='lat' dir='ltr'>plnres</span> <span class='ocrx_word' id='word_1_152' title='bbox 231 2596 339 2662; x_wconf 82' lang='lat' dir='ltr'>modos,</span> <span class='ocrx_word' id='word_1_153' title='bbox 360 2597 446 2670; x_wconf 83' lang='lat' dir='ltr'>inquit</span> <span class='ocrx_word' id='word_1_154' title='bbox 469 2599 635 2652; x_wconf 77' lang='lat' dir='ltr'>Bmssavolus</span> <span class='ocrx_word' id='word_1_155' title='bbox 677 2617 707 2670; x_wconf 78' lang='lat' dir='ltr'>p.</span> <span class='ocrx_word' id='word_1_156' title='bbox 728 2597 1186 2669; x_wconf 67' lang='lat' dir='ltr'>994;Diosc.item,V,147;Ga·</span> 
     </span>
     <span class='ocr_line' id='line_1_21' title="bbox 123 2677 1187 2748; baseline 0 -16"><span class='ocrx_word' id='word_1_157' title='bbox 123 2679 149 2732; x_wconf 87' lang='lat' dir='ltr'>in</span> <span class='ocrx_word' id='word_1_158' title='bbox 162 2679 285 2732; x_wconf 78' lang='lat' dir='ltr'>examine</span> <span class='ocrx_word' id='word_1_159' title='bbox 293 2690 432 2742; x_wconf 78' lang='lat' dir='ltr'>terrarum,</span> <span class='ocrx_word' id='word_1_160' title='bbox 438 2695 496 2748; x_wconf 85' lang='lat' dir='ltr'>pag.</span> <span class='ocrx_word' id='word_1_161' title='bbox 508 2681 575 2744; x_wconf 63' lang='lat' dir='ltr'>Aba,</span> <span class='ocrx_word' id='word_1_162' title='bbox 587 2679 638 2732; x_wconf 82' lang='lat' dir='ltr'>fer·</span> <span class='ocrx_word' id='word_1_163' title='bbox 663 2678 753 2740; x_wconf 68' lang='lat' dir='ltr'>,lenus</span> <span class='ocrx_word' id='word_1_164' title='bbox 766 2679 824 2748; x_wconf 81' lang='lat' dir='ltr'>ipae</span> <span class='ocrx_word' id='word_1_165' title='bbox 841 2677 875 2730; x_wconf 83' lang='lat' dir='ltr'>de</span> <span class='ocrx_word' id='word_1_166' title='bbox 892 2677 993 2730; x_wconf 81' lang='lat' dir='ltr'>Facult.</span> <span class='ocrx_word' id='word_1_167' title='bbox 1007 2677 1102 2748; x_wconf 86' lang='lat' dir='ltr'>Simpl.</span> <span class='ocrx_word' id='word_1_168' title='bbox 1117 2677 1187 2732; x_wconf 85' lang='lat' dir='ltr'>med.</span> 
     </span>
     <span class='ocr_line' id='line_1_22' title="bbox 123 2754 1189 2828; baseline 0.002 -18"><span class='ocrx_word' id='word_1_169' title='bbox 123 2754 279 2810; x_wconf 81' lang='lat' dir='ltr'>ruminandi</span> <span class='ocrx_word' id='word_1_170' title='bbox 294 2757 399 2810; x_wconf 80' lang='lat' dir='ltr'>metalla</span> <span class='ocrx_word' id='word_1_171' title='bbox 415 2759 527 2822; x_wconf 77' lang='lat' dir='ltr'>scimus,</span> <span class='ocrx_word' id='word_1_172' title='bbox 545 2759 579 2810; x_wconf 80' lang='lat' dir='ltr'>ab</span> <span class='ocrx_word' id='word_1_173' title='bbox 593 2757 635 2811; x_wconf 79' lang='lat' dir='ltr'>bis</span> <span class='ocrx_word' id='word_1_174' title='bbox 677 2759 727 2824; x_wconf 80' lang='lat' dir='ltr'>tx,</span> <span class='ocrx_word' id='word_1_175' title='bbox 738 2776 805 2828; x_wconf 56' lang='grc' dir='ltr'>ηρ.</span> <span class='ocrx_word' id='word_1_176' title='bbox 817 2757 884 2828; x_wconf 77' lang='lat'>257,</span> <span class='ocrx_word' id='word_1_177' title='bbox 895 2775 928 2810; x_wconf 80' lang='lat' dir='ltr'>ex</span> <span class='ocrx_word' id='word_1_178' title='bbox 938 2754 1083 2810; x_wconf 80' lang='lat' dir='ltr'>Nicandro.</span> <span class='ocrx_word' id='word_1_179' title='bbox 1095 2757 1189 2812; x_wconf 77' lang='lat' dir='ltr'>liano·</span> 
     </span>
     <span class='ocr_line' id='line_1_23' title="bbox 123 2833 1186 2910; baseline 0 -20"><span class='ocrx_word' id='word_1_180' title='bbox 123 2857 190 2909; x_wconf 78' lang='lat' dir='ltr'>qnos</span> <span class='ocrx_word' id='word_1_181' title='bbox 199 2837 302 2890; x_wconf 81' lang='lat' dir='ltr'>Plinius</span> <span class='ocrx_word' id='word_1_182' title='bbox 310 2833 509 2902; x_wconf 85' lang='lat' dir='ltr'>commemorat,</span> <span class='ocrx_word' id='word_1_183' title='bbox 525 2837 635 2890; x_wconf 86' lang='lat' dir='ltr'>artein·</span> <span class='ocrx_word' id='word_1_184' title='bbox 717 2837 820 2890; x_wconf 87' lang='lat' dir='ltr'>XXXI.</span> <span class='ocrx_word' id='word_1_185' title='bbox 839 2855 863 2888; x_wconf 87' lang='lat'>1.</span> <span class='ocrx_word' id='word_1_186' title='bbox 877 2835 990 2910; x_wconf 75' lang='lat' dir='ltr'>Sequens.</span> <span class='ocrx_word' id='word_1_187' title='bbox 1005 2837 1108 2902; x_wconf 78' lang='lat' dir='ltr'>Altera,</span> <span class='ocrx_word' id='word_1_188' title='bbox 1125 2848 1186 2908; x_wconf 77' lang='lat' dir='ltr'>post</span> 
     </span>
     <span class='ocr_line' id='line_1_24' title="bbox 123 2915 1189 2987; baseline 0.001 -19"><span class='ocrx_word' id='word_1_189' title='bbox 123 2919 209 2970; x_wconf 76' lang='lat' dir='ltr'>ventis</span> <span class='ocrx_word' id='word_1_190' title='bbox 231 2935 336 2987; x_wconf 80' lang='lat' dir='ltr'>semper</span> <span class='ocrx_word' id='word_1_191' title='bbox 361 2915 509 2970; x_wconf 78' lang='lat' dir='ltr'>addente.-</span> <span class='ocrx_word' id='word_1_192' title='bbox 532 2917 635 2970; x_wconf 84' lang='lat' dir='ltr'>Locnm</span> <span class='ocrx_word' id='word_1_193' title='bbox 677 2916 1189 2984; x_wconf 75' lang='lat' dir='ltr'>auriiusaniam.H.-Arganrimetalla‚</span> 
     </span>
     <span class='ocr_line' id='line_1_25' title="bbox 125 2996 1190 3067; baseline -0.001 -17"><span class='ocrx_word' id='word_1_194' title='bbox 125 2997 243 3050; x_wconf 85' lang='lat' dir='ltr'>consule.</span> <span class='ocrx_word' id='word_1_195' title='bbox 257 2996 349 3047; x_wconf 71' lang='lat' dir='ltr'>Iliun.</span> <span class='ocrx_word' id='word_1_196' title='bbox 678 3009 728 3049; x_wconf 82' lang='lat' dir='ltr'>etc.</span> <span class='ocrx_word' id='word_1_197' title='bbox 736 2997 884 3067; x_wconf 77' lang='lat' dir='ltr'>Argentum</span> <span class='ocrx_word' id='word_1_198' title='bbox 891 2996 1020 3048; x_wconf 80' lang='lat' dir='ltr'>eruitura</span> <span class='ocrx_word' id='word_1_199' title='bbox 1030 3007 1190 3060; x_wconf 68' lang='lat' dir='ltr'>tetrametro</span> 
     </span>
     <span class='ocr_line' id='line_1_26' title="bbox 166 3074 1188 3147; baseline -0.001 -18"><span class='ocrx_word' id='word_1_200' title='bbox 166 3075 377 3145; x_wconf 57' lang='lat' dir='ltr'>nsadpnmtm</span> <span class='ocrx_word' id='word_1_201' title='bbox 387 3077 491 3144; x_wconf 62' lang='lat' dir='ltr'>nigrum.</span> <span class='ocrx_word' id='word_1_202' title='bbox 499 3075 539 3126; x_wconf 89' lang='lat' dir='ltr'>De</span> <span class='ocrx_word' id='word_1_203' title='bbox 549 3075 636 3146; x_wconf 89' lang='lat' dir='ltr'>plum·</span> <span class='ocrx_word' id='word_1_204' title='bbox 678 3093 778 3146; x_wconf 85' lang='lat' dir='ltr'>purum</span> <span class='ocrx_word' id='word_1_205' title='bbox 801 3092 877 3145; x_wconf 74' lang='lat' dir='ltr'>pene</span> <span class='ocrx_word' id='word_1_206' title='bbox 897 3092 929 3129; x_wconf 74' lang='lat' dir='ltr'>uc</span> <span class='ocrx_word' id='word_1_207' title='bbox 950 3075 1099 3139; x_wconf 82' lang='lat' dir='ltr'>sincerum,</span> <span class='ocrx_word' id='word_1_208' title='bbox 1113 3074 1188 3147; x_wconf 84' lang='lat' dir='ltr'>qood</span> 
     </span>
     <span class='ocr_line' id='line_1_27' title="bbox 125 3152 1191 3226; baseline 0.002 -19"><span class='ocrx_word' id='word_1_209' title='bbox 125 3155 262 3226; x_wconf 79' lang='lat' dir='ltr'>bonigm,</span> <span class='ocrx_word' id='word_1_210' title='bbox 271 3152 589 3226; x_wconf 82' lang='lat' dir='ltr'>candidoqueetstanno‚</span> <span class='ocrx_word' id='word_1_211' title='bbox 600 3154 635 3208; x_wconf 81' lang='lat' dir='ltr'>ol.</span> <span class='ocrx_word' id='word_1_212' title='bbox 677 3159 783 3206; x_wconf 77' lang='lat' dir='ltr'>nativum</span> <span class='ocrx_word' id='word_1_213' title='bbox 797 3166 909 3219; x_wconf 66' lang='lat' dir='ltr'>vocants</span> <span class='ocrx_word' id='word_1_214' title='bbox 921 3171 1065 3207; x_wconf 85' lang='lat' dir='ltr'>nunoeom</span> <span class='ocrx_word' id='word_1_215' title='bbox 1078 3155 1191 3208; x_wconf 83' lang='lat' dir='ltr'>minera-</span> 
     </span>
     <span class='ocr_line' id='line_1_28' title="bbox 126 3233 1188 3305; baseline 0.001 -19"><span class='ocrx_word' id='word_1_216' title='bbox 126 3234 173 3288; x_wconf 91' lang='lat' dir='ltr'>lib.</span> <span class='ocrx_word' id='word_1_217' title='bbox 181 3235 301 3287; x_wconf 82' lang='lat' dir='ltr'>XXXIV</span> <span class='ocrx_word' id='word_1_218' title='bbox 304 3251 395 3305; x_wconf 79' lang='lat' dir='ltr'>,.capp</span> <span class='ocrx_word' id='word_1_219' title='bbox 388 3241 449 3302; x_wconf 73' lang='lat' dir='ltr'>.,I7</span> <span class='ocrx_word' id='word_1_220' title='bbox 455 3235 581 3302; x_wconf 70' lang='grc'>4811149.</span> <span class='ocrx_word' id='word_1_221' title='bbox 582 3233 634 3288; x_wconf 90' lang='lat' dir='ltr'>Eo.</span> <span class='ocrx_word' id='word_1_222' title='bbox 677 3235 749 3287; x_wconf 84' lang='lat' dir='ltr'>libus</span> <span class='ocrx_word' id='word_1_223' title='bbox 764 3253 795 3287; x_wconf 83' lang='lat' dir='ltr'>ac</span> <span class='ocrx_word' id='word_1_224' title='bbox 810 3233 923 3286; x_wconf 73' lang='lat' dir='ltr'>metallis</span> <span class='ocrx_word' id='word_1_225' title='bbox 935 3233 993 3286; x_wconf 86' lang='lat' dir='ltr'>aliis</span> <span class='ocrx_word' id='word_1_226' title='bbox 1006 3233 1188 3304; x_wconf 80' lang='lat' dir='ltr'>permixtum:</span> 
     </span>
    </p>

    <p class='ocr_par' dir='ltr' id='par_1_5' title="bbox 125 3311 1255 4261">
     <span class='ocr_line' id='line_1_29' title="bbox 167 3311 1189 3384; baseline 0.001 -19"><span class='ocrx_word' id='word_1_227' title='bbox 167 3313 194 3365; x_wconf 84' lang='lat'>3.</span> <span class='ocrx_word' id='word_1_228' title='bbox 208 3315 247 3366; x_wconf 81' lang='lat' dir='ltr'>Et</span> <span class='ocrx_word' id='word_1_229' title='bbox 271 3315 388 3368; x_wconf 67' lang='lat' dir='ltr'>Tinctus</span> <span class='ocrx_word' id='word_1_230' title='bbox 409 3313 480 3384; x_wconf 80' lang='lat' dir='ltr'>lupis.</span> <span class='ocrx_word' id='word_1_231' title='bbox 501 3311 694 3368; x_wconf 67' lang='lat' dir='ltr'>Nicander</span> <span class='ocrx_word' id='word_1_232' title='bbox 677 3331 758 3384; x_wconf 79' lang='lat' dir='ltr'>v·.gr</span> <span class='ocrx_word' id='word_1_233' title='bbox 774 3331 837 3367; x_wconf 87' lang='lat' dir='ltr'>cum</span> <span class='ocrx_word' id='word_1_234' title='bbox 857 3314 994 3374; x_wconf 82' lang='lat' dir='ltr'>arsenioo,</span> <span class='ocrx_word' id='word_1_235' title='bbox 1016 3312 1114 3376; x_wconf 79' lang='lat' dir='ltr'>stibio,</span> <span class='ocrx_word' id='word_1_236' title='bbox 1136 3326 1189 3366; x_wconf 85' lang='lat' dir='ltr'>etc</span> 
     </span>
     <span class='ocr_line' id='line_1_30' title="bbox 128 3387 1191 3464; baseline 0.001 -20"><span class='ocrx_word' id='word_1_237' title='bbox 128 3392 154 3444; x_wconf 87' lang='lat' dir='ltr'>in</span> <span class='ocrx_word' id='word_1_238' title='bbox 168 3393 250 3446; x_wconf 80' lang='lat' dir='ltr'>Ther.</span> <span class='ocrx_word' id='word_1_239' title='bbox 266 3412 294 3463; x_wconf 89' lang='lat' dir='ltr'>p.</span> <span class='ocrx_word' id='word_1_240' title='bbox 310 3393 337 3460; x_wconf 94' lang='grc'>3,</span> <span class='ocrx_word' id='word_1_241' title='bbox 346 3395 457 3446; x_wconf 76' lang='lat' dir='ltr'>Interea</span> <span class='ocrx_word' id='word_1_242' title='bbox 472 3392 633 3464; x_wconf 70' lang='lat' dir='ltr'>quaesullitn</span> <span class='ocrx_word' id='word_1_243' title='bbox 677 3387 784 3463; x_wconf 74' lang='lat' dir='ltr'>(argent</span> <span class='ocrx_word' id='word_1_244' title='bbox 802 3411 860 3444; x_wconf 75' lang='lat' dir='ltr'>urse</span> <span class='ocrx_word' id='word_1_245' title='bbox 860 3393 956 3460; x_wconf 72' lang='grc'>1113311,</span> <span class='ocrx_word' id='word_1_246' title='bbox 978 3395 1102 3444; x_wconf 74' lang='lat' dir='ltr'>arsenium</span> <span class='ocrx_word' id='word_1_247' title='bbox 1123 3392 1191 3445; x_wconf 63' lang='lat' dir='ltr'>dor*</span> 
     </span>
     <span class='ocr_line' id='line_1_31' title="bbox 127 3461 1192 3544; baseline 0.001 -20"><span class='ocrx_word' id='word_1_248' title='bbox 127 3472 404 3544; x_wconf 75' lang='lat' dir='ltr'>abiguntserpentes:</span> <span class='ocrx_word' id='word_1_249' title='bbox 425 3461 498 3524; x_wconf 71' lang='lat' dir='ltr'>Ital</span> <span class='ocrx_word' id='word_1_250' title='bbox 516 3492 527 3524; x_wconf 91' lang='grc' dir='ltr'>ι</span> <span class='ocrx_word' id='word_1_251' title='bbox 547 3475 636 3543; x_wconf 70' lang='lat' dir='ltr'>opiin-</span> <span class='ocrx_word' id='word_1_252' title='bbox 676 3465 761 3543; x_wconf 58' lang='lat' dir='ltr'>geoth</span> <span class='ocrx_word' id='word_1_253' title='bbox 773 3491 834 3532; x_wconf 83' lang='lat' dir='ltr'>cnm</span> <span class='ocrx_word' id='word_1_254' title='bbox 847 3473 987 3525; x_wconf 78' lang='lat' dir='ltr'>sulfuroet</span> <span class='ocrx_word' id='word_1_255' title='bbox 1000 3471 1080 3526; x_wconf 75' lang='lat' dir='ltr'>stibio</span> <span class='ocrx_word' id='word_1_256' title='bbox 1093 3467 1192 3543; x_wconf 70' lang='lat' dir='ltr'>(urgent</span> 
     </span>
     <span class='ocr_line' id='line_1_32' title="bbox 128 3491 1192 3622; baseline 0.002 -18"><span class='ocrx_word' id='word_1_257' title='bbox 128 3571 173 3606; x_wconf 71' lang='lat' dir='ltr'>ons</span> <span class='ocrx_word' id='word_1_258' title='bbox 186 3555 220 3606; x_wconf 75' lang='lat' dir='ltr'>lii</span> <span class='ocrx_word' id='word_1_259' title='bbox 235 3553 321 3622; x_wconf 69' lang='grc' dir='ltr'>φλίξας</span> <span class='ocrx_word' id='word_1_260' title='bbox 336 3551 477 3622; x_wconf 56' lang='lat' dir='ltr'>rupilius»,</span> <span class='ocrx_word' id='word_1_261' title='bbox 490 3491 572 3606; x_wconf 51' lang='lat' dir='ltr'>XV</span> <span class='ocrx_word' id='word_1_262' title='bbox 540 3549 634 3608; x_wconf 68' lang='lat' dir='ltr'>’ilari</span> <span class='ocrx_word' id='word_1_263' title='bbox 678 3555 808 3605; x_wconf 66' lang='lat' dir='ltr'>acrimonia</span> <span class='ocrx_word' id='word_1_264' title='bbox 804 3553 923 3620; x_wconf 74' lang='grc' dir='ltr'>113311ιό</span> <span class='ocrx_word' id='word_1_265' title='bbox 934 3552 1192 3619; x_wconf 65' lang='lat' dir='ltr'>sulfured&#39;antimoim</span> 
     </span>
     <span class='ocr_line' id='line_1_33' title="bbox 127 3627 1193 3702; baseline -0.002 -16"><span class='ocrx_word' id='word_1_266' title='bbox 127 3633 256 3702; x_wconf 71' lang='lat' dir='ltr'>bpqlrioa</span> <span class='ocrx_word' id='word_1_267' title='bbox 268 3635 434 3696; x_wconf 65' lang='lat' dir='ltr'>undamn,</span> <span class='ocrx_word' id='word_1_268' title='bbox 448 3629 536 3685; x_wconf 64' lang='lat' dir='ltr'>iubeor</span> <span class='ocrx_word' id='word_1_269' title='bbox 550 3627 576 3684; x_wconf 72' lang='grc' dir='ltr'>δ’</span> <span class='ocrx_word' id='word_1_270' title='bbox 585 3635 635 3686; x_wconf 71' lang='lat' dir='ltr'>nil·</span> <span class='ocrx_word' id='word_1_271' title='bbox 677 3645 703 3684; x_wconf 81' lang='lat' dir='ltr'>et</span> <span class='ocrx_word' id='word_1_272' title='bbox 715 3631 894 3702; x_wconf 73' lang='lat' dir='ltr'>argent),qua</span> <span class='ocrx_word' id='word_1_273' title='bbox 907 3633 1007 3684; x_wconf 82' lang='lat' dir='ltr'>Nostro</span> <span class='ocrx_word' id='word_1_274' title='bbox 1018 3644 1142 3687; x_wconf 73' lang='lat' dir='ltr'>terrueat</span> <span class='ocrx_word' id='word_1_275' title='bbox 1154 3653 1193 3684; x_wconf 79' lang='lat' dir='ltr'>ru-</span> 
     </span>
     <span class='ocr_line' id='line_1_34' title="bbox 128 3701 1226 3784; baseline -0.005 -15"><span class='ocrx_word' id='word_1_276' title='bbox 128 3716 170 3769; x_wconf 76' lang='grc' dir='ltr'>τὴν</span> <span class='ocrx_word' id='word_1_277' title='bbox 188 3715 290 3772; x_wconf 64' lang='lat' dir='ltr'>tutto.</span> <span class='ocrx_word' id='word_1_278' title='bbox 313 3713 349 3765; x_wconf 74' lang='grc' dir='ltr'>ὅτ’</span> <span class='ocrx_word' id='word_1_279' title='bbox 364 3707 506 3781; x_wconf 63' lang='lat' dir='ltr'>lipsienses</span> <span class='ocrx_word' id='word_1_280' title='bbox 525 3713 637 3784; x_wconf 66' lang='lat' dir='ltr'>inilici-</span> <span class='ocrx_word' id='word_1_281' title='bbox 673 3701 1129 3782; x_wconf 65' lang='lat' dir='ltr'>sarcum-sulfure(argantsulsurd‚</span> <span class='ocrx_word' id='word_1_282' title='bbox 1143 3713 1194 3764; x_wconf 80' lang='lat' dir='ltr'>tul·</span> <span class='ocrx_word' id='word_1_283' title='bbox 1224 3704 1226 3707; x_wconf 46' lang='grc'>’</span> 
     </span>
     <span class='ocr_line' id='line_1_35' title="bbox 125 3789 1194 3863; baseline 0 -19"><span class='ocrx_word' id='word_1_284' title='bbox 125 3794 206 3852; x_wconf 67' lang='grc' dir='ltr'><strong>θέντος</strong></span> <span class='ocrx_word' id='word_1_285' title='bbox 217 3793 305 3845; x_wconf 57' lang='lat' dir='ltr'>&amp;aiom</span> <span class='ocrx_word' id='word_1_286' title='bbox 318 3792 383 3858; x_wconf 74' lang='lat' dir='ltr'>Quo</span> <span class='ocrx_word' id='word_1_287' title='bbox 393 3793 520 3844; x_wconf 79' lang='lat' dir='ltr'>Gorrarns</span> <span class='ocrx_word' id='word_1_288' title='bbox 527 3791 565 3845; x_wconf 86' lang='lat' dir='ltr'>sic</span> <span class='ocrx_word' id='word_1_289' title='bbox 577 3791 635 3846; x_wconf 88' lang='lat' dir='ltr'>red·</span> <span class='ocrx_word' id='word_1_290' title='bbox 673 3792 733 3860; x_wconf 80' lang='lat' dir='ltr'>sure</span> <span class='ocrx_word' id='word_1_291' title='bbox 740 3789 876 3863; x_wconf 70' lang='lat' dir='ltr'>d&#39;orgmt),</span> <span class='ocrx_word' id='word_1_292' title='bbox 889 3810 948 3862; x_wconf 75' lang='lat' dir='ltr'>que</span> <span class='ocrx_word' id='word_1_293' title='bbox 959 3804 1030 3845; x_wconf 86' lang='lat' dir='ltr'>terra</span> <span class='ocrx_word' id='word_1_294' title='bbox 1040 3804 1080 3844; x_wconf 80' lang='lat' dir='ltr'>est</span> <span class='ocrx_word' id='word_1_295' title='bbox 1092 3791 1194 3844; x_wconf 78' lang='lat' dir='ltr'>cinera-</span> 
     </span>
     <span class='ocr_line' id='line_1_36' title="bbox 125 3869 1193 3945; baseline 0 -23"><span class='ocrx_word' id='word_1_296' title='bbox 125 3869 215 3924; x_wconf 82' lang='lat' dir='ltr'>didit:</span> <span class='ocrx_word' id='word_1_297' title='bbox 233 3898 245 3920; x_wconf 63' lang='lat' dir='ltr'>a</span> <span class='ocrx_word' id='word_1_298' title='bbox 257 3871 413 3926; x_wconf 81' lang='lat' dir='ltr'>Threicium</span> <span class='ocrx_word' id='word_1_299' title='bbox 423 3870 525 3943; x_wconf 82' lang='lat' dir='ltr'>pariter</span> <span class='ocrx_word' id='word_1_300' title='bbox 534 3871 632 3924; x_wconf 85' lang='lat' dir='ltr'>Vulca·</span> <span class='ocrx_word' id='word_1_301' title='bbox 679 3889 740 3936; x_wconf 84' lang='lat' dir='ltr'>cea,</span> <span class='ocrx_word' id='word_1_302' title='bbox 757 3883 809 3936; x_wconf 81' lang='lat' dir='ltr'>eto.</span> <span class='ocrx_word' id='word_1_303' title='bbox 829 3870 978 3941; x_wconf 77' lang='lat' dir='ltr'>sepissime</span> <span class='ocrx_word' id='word_1_304' title='bbox 992 3888 1101 3942; x_wconf 83' lang='lat' dir='ltr'>quoque</span> <span class='ocrx_word' id='word_1_305' title='bbox 1115 3870 1175 3945; x_wconf 75' lang='lat' dir='ltr'>ouri</span> <span class='ocrx_word' id='word_1_306' title='bbox 1183 3909 1193 3935; x_wconf 87' lang='lat'><strong><em>,</em></strong></span> 
     </span>
     <span class='ocr_line' id='line_1_37' title="bbox 126 3949 1192 4024; baseline -0.001 -22"><span class='ocrx_word' id='word_1_307' title='bbox 126 3969 161 4002; x_wconf 93' lang='grc' dir='ltr'>ιιο</span> <span class='ocrx_word' id='word_1_308' title='bbox 180 3949 255 4005; x_wconf 77' lang='lat' dir='ltr'>trade</span> <span class='ocrx_word' id='word_1_309' title='bbox 280 3951 414 4024; x_wconf 77' lang='lat' dir='ltr'>lapillum,</span> <span class='ocrx_word' id='word_1_310' title='bbox 438 3951 493 4015; x_wconf 90' lang='lat' dir='ltr'>Qui</span> <span class='ocrx_word' id='word_1_311' title='bbox 518 3950 635 4021; x_wconf 76' lang='lat' dir='ltr'>lymphis</span> <span class='ocrx_word' id='word_1_312' title='bbox 682 3951 785 4016; x_wconf 83' lang='lat' dir='ltr'>stanni,</span> <span class='ocrx_word' id='word_1_313' title='bbox 803 3950 925 4021; x_wconf 88' lang='lat' dir='ltr'>plumbi,</span> <span class='ocrx_word' id='word_1_314' title='bbox 942 3961 993 4003; x_wconf 84' lang='lat' dir='ltr'>etc.</span> <span class='ocrx_word' id='word_1_315' title='bbox 1007 3949 1117 4002; x_wconf 81' lang='lat' dir='ltr'>mineris</span> <span class='ocrx_word' id='word_1_316' title='bbox 1127 3964 1192 4001; x_wconf 84' lang='lat' dir='ltr'>oon·</span> 
     </span>
     <span class='ocr_line' id='line_1_38' title="bbox 129 4028 1255 4104; baseline 0 -22"><span class='ocrx_word' id='word_1_317' title='bbox 129 4029 251 4084; x_wconf 76' lang='lat' dir='ltr'>madidus</span> <span class='ocrx_word' id='word_1_318' title='bbox 262 4029 366 4084; x_wconf 70' lang='lat' dir='ltr'>flemma</span> <span class='ocrx_word' id='word_1_319' title='bbox 380 4031 511 4084; x_wconf 82' lang='lat' dir='ltr'>collucet:</span> <span class='ocrx_word' id='word_1_320' title='bbox 525 4043 551 4084; x_wconf 85' lang='lat' dir='ltr'>ut</span> <span class='ocrx_word' id='word_1_321' title='bbox 565 4029 635 4084; x_wconf 88' lang='lat' dir='ltr'>idem</span> <span class='ocrx_word' id='word_1_322' title='bbox 680 4032 804 4104; x_wconf 82' lang='lat' dir='ltr'>junctum</span> <span class='ocrx_word' id='word_1_323' title='bbox 823 4031 917 4100; x_wconf 81' lang='lat' dir='ltr'>majori</span> <span class='ocrx_word' id='word_1_324' title='bbox 937 4030 979 4082; x_wconf 81' lang='lat' dir='ltr'>rel</span> <span class='ocrx_word' id='word_1_325' title='bbox 999 4028 1098 4080; x_wconf 86' lang='lat' dir='ltr'>minori</span> <span class='ocrx_word' id='word_1_326' title='bbox 1118 4028 1195 4099; x_wconf 72' lang='lat' dir='ltr'>copie</span> <span class='ocrx_word' id='word_1_327' title='bbox 1252 4040 1255 4044; x_wconf 77' lang='grc'><em>’</em></span> 
     </span>
     <span class='ocr_line' id='line_1_39' title="bbox 128 4108 1192 4181; baseline -0.004 -17"><span class='ocrx_word' id='word_1_328' title='bbox 128 4109 254 4164; x_wconf 81' lang='lat' dir='ltr'>Protinus</span> <span class='ocrx_word' id='word_1_329' title='bbox 260 4110 345 4164; x_wconf 76' lang='lat' dir='ltr'>alfuso</span> <span class='ocrx_word' id='word_1_330' title='bbox 355 4109 487 4162; x_wconf 84' lang='lat' dir='ltr'>flammam</span> <span class='ocrx_word' id='word_1_331' title='bbox 497 4109 637 4181; x_wconf 78' lang='lat' dir='ltr'>restinguit</span> <span class='ocrx_word' id='word_1_332' title='bbox 681 4109 795 4181; x_wconf 81' lang='lat' dir='ltr'>reperiri</span> <span class='ocrx_word' id='word_1_333' title='bbox 807 4111 882 4163; x_wconf 81' lang='lat' dir='ltr'>solet.</span> <span class='ocrx_word' id='word_1_334' title='bbox 901 4108 1121 4181; x_wconf 74' lang='lat' dir='ltr'>Eo.-Eaeooqui.&#39;</span> <span class='ocrx_word' id='word_1_335' title='bbox 1131 4109 1192 4160; x_wconf 89' lang='lat' dir='ltr'>Lib.</span> 
     </span>
     <span class='ocr_line' id='line_1_40' title="bbox 127 4187 1195 4261; baseline 0 -21"><span class='ocrx_word' id='word_1_336' title='bbox 127 4189 208 4243; x_wconf 80' lang='lat' dir='ltr'>olivo.</span> <span class='ocrx_word' id='word_1_337' title='bbox 223 4215 235 4238; x_wconf 75' lang='grc' dir='ltr'><strong>ι</strong></span> <span class='ocrx_word' id='word_1_338' title='bbox 252 4192 291 4244; x_wconf 82' lang='lat' dir='ltr'>De</span> <span class='ocrx_word' id='word_1_339' title='bbox 312 4189 428 4244; x_wconf 70' lang='lat' dir='ltr'>turneio</span> <span class='ocrx_word' id='word_1_340' title='bbox 448 4187 536 4261; x_wconf 83' lang='lat' dir='ltr'>lapide</span> <span class='ocrx_word' id='word_1_341' title='bbox 554 4189 638 4244; x_wconf 73' lang='lat' dir='ltr'>refert</span> <span class='ocrx_word' id='word_1_342' title='bbox 682 4191 813 4254; x_wconf 88' lang='lat' dir='ltr'>XXXIV,</span> <span class='ocrx_word' id='word_1_343' title='bbox 829 4197 873 4256; x_wconf 68' lang='lat'>67,</span> <span class='ocrx_word' id='word_1_344' title='bbox 888 4189 939 4244; x_wconf 80' lang='lat' dir='ltr'>rub</span> <span class='ocrx_word' id='word_1_345' title='bbox 956 4188 1047 4241; x_wconf 78' lang='lat' dir='ltr'>linem.</span> <span class='ocrx_word' id='word_1_346' title='bbox 1062 4219 1102 4231; x_wconf 88' lang='lat'><em>-</em></span> <span class='ocrx_word' id='word_1_347' title='bbox 1118 4188 1195 4244; x_wconf 80' lang='lat' dir='ltr'>Gale·</span> 
     </span>
    </p>
   </div>
   <div class='ocr_carea' id='block_1_4' title="bbox 1028 4275 1072 4355">
    <p class='ocr_par' dir='ltr' id='par_1_6' title="bbox 1028 4275 1072 4355">
     <span class='ocr_line' id='line_1_41' title="bbox 1028 4275 1072 4355; baseline 0 -26"><span class='ocrx_word' id='word_1_348' title='bbox 1028 4275 1072 4355; x_wconf 80' lang='grc'>63</span> 
     </span>
    </p>
   </div>
   <div class='ocr_carea' id='block_1_5' title="bbox 0 0 1569 5125">
    <p class='ocr_par' dir='ltr' id='par_1_7' title="bbox 0 0 1569 5125">
     <span class='ocr_line' id='line_1_42' title="bbox 0 0 1569 5125; baseline 0 0"><span class='ocrx_word' id='word_1_349' title='bbox 0 0 1569 5125; x_wconf 95' lang='lat' dir='ltr'> </span> 
     </span>
    </p>
   </div>
  </div>
 </body>
</html>
