3100 5125
457 506 611 574 LIBER
639 506 820 574 XXXVI.
1113 516 1182 610 477

121 641 161 709 ad
175 641 340 733 jacentem
358 635 538 706 obeliscum
553 633 682 706 eNilo:
705 661 874 732 navesque
890 637 971 709 duas
986 643 1021 710 in
1040 641 1183 715 latitudi-
1202 679 1219 725 5

121 771 194 814 nem
218 744 364 839 patulas,
385 742 556 838 pedalibus
567 739 590 765 ²¹
618 767 658 810 ex
684 743 801 813 eodem
824 743 931 838 lapide
956 747 997 816 ad
1021 752 1182 832 rationein
1212 779 1216 782 ·

121 852 276 947 geminati
296 875 356 945 per
375 849 540 944 duplicem
560 873 748 917 mensuram
768 850 923 944 ponderis
948 872 1118 940 oneratus,
1140 861 1185 927 ita

120 973 158 1026 ut
176 949 327 1027 subirent
349 955 529 1025 obeliscum
558 955 759 1050 pendentem
783 960 1044 1032 extremitatibus
1066 965 1132 1032 suis
1151 967 1184 1032 in

121 1065 199 1157 ripis
227 1065 383 1157 utrinque
402 1088 410 1129 ε
429 1077 543 1156 postea
567 1062 685 1156 egestis
712 1061 877 1132 laterculis
903 1063 1058 1137 allevatus
1084 1095 1184 1138 naves
1228 1139 1234 1150 ,

122 1170 286 1263 excepisse
318 1194 401 1237 onus
427 1181 586 1236 statutum
596 1168 630 1234 ²².
655 1169 790 1236 Excisos
823 1183 932 1238 autem
962 1198 1019 1241 sex
1049 1173 1129 1260 tales
1150 1179 1217 1266 iu7

123 1291 234 1344 monte
258 1274 394 1358 eodem,
423 1288 457 1341 et
477 1273 637 1343 artificem
659 1272 817 1342 donatum
843 1267 1003 1346 talentis²³
1018 1283 1180 1374 quinquu-

122 1383 218 1474 ginta.
246 1383 310 1448 Hic
331 1380 393 1449 fuit
417 1381 450 1447 in
465 1368 820 1472 Arsinoeo²⁴positnsa
843 1405 919 1476 rege
940 1407 1039 1478 supra
1052 1379 1181 1472 dicto²⁵,

124 1511 242 1555 munus
263 1487 384 1555 amoris
402 1486 436 1553 in
458 1485 651 1581 conjugem,
679 1485 893 1580 eamdemque
921 1481 1101 1560 sororem²6
1118 1495 1183 1563 Ar-

122 1695 632 1766 morisadllilnm,etismnuncagnosci
674 1706 721 1745 tem
738 1693 853 1746 obeliscru
878 1713 936 1765 quse
954 1697 987 1748 ah
1008 1697 1098 1767 aliquo
1118 1699 1186 1751 male

123 1789 235 1830 testetur
248 1776 322 1829 Brot.
334 1774 367 1828 ad
379 1776 408 1827 h.
419 1775 438 1827 l.
452 1776 504 1828 En.
674 1771 767 1826 sedulo
778 1791 832 1825 csse
844 1774 917 1826 allita
935 1775 998 1828 mibi
1018 1777 1183 1847 exploratum

162 1855 356 1910 aradium.
366 1854 507 1907 Pedalibus
512 1855 633 1905 laterculis
674 1864 720 1905 est.
732 1844 867 1922 Ᾰρσινόιιον
876 1866 915 1906 est
925 1869 1127 1909 monumentum
1138 1861 1185 1910 Ar·

122 1955 151 1988 ex
174 1934 269 1989 eodem
296 1933 385 2004 lapide
410 1951 490 1987 naves
513 1945 633 1986 oneratas
673 1932 769 1984 sinoes.
782 1932 1183 2006 Pintianusquoquescribend.

122 2014 205 2085 duplo
231 2014 315 2084 magis
338 2032 416 2084 quern
438 2024 504 2065 esset
529 2011 634 2083 pondus
673 2010 837 2064 sitArsr'neo.
852 2011 942 2066 Gauii.
1042 2055 1043 2062 ,

121 2093 248 2148 obelisci:
264 2095 302 2147 sic
316 2092 443 2165 testimsto
454 2089 587 2162 pondere,
601 2104 633 2144 nt
716 2091 763 2143 ²5.
778 2093 805 2143 A
815 2109 870 2160 rege
882 2092 1027 2160 supradicto.
1043 2095 1183 2149 Ptolemreo

121 2173 241 2226 laterculi
255 2183 461 2243 congererentur
477 2172 506 2223 iu
523 2188 630 2237 navem,
674 2168 866 2241 Philadelpho,
879 2171 926 2241 qui
940 2171 1031 2237 uxori,
1045 2173 1184 2246 eidemque

121 2266 187 2322 quot
197 2251 305 2305 obelisci
320 2249 515 2322 longitudinem
530 2251 572 2304 bis
585 2248 633 2303 ad·
673 2249 758 2303 sorori
764 2264 1039 2314 suss‚monumenturn
1049 2255 1184 2318 exstruxit,

121 2344 279 2403 aequarent:
297 2331 335 2384 sic
357 2349 437 2384 nares
458 2348 490 2382 eo
513 2328 632 2400 pondere
673 2320 807 2398 dpsuo'sus
827 2329 999 2399 appellatum.
1019 2331 1063 2400 Sic
1081 2335 1183 2398 Iseum,

122 2430 233 2483 pressu,
263 2410 370 2463 subiere
397 2409 558 2473 obeliscum,
584 2409 631 2480 qui
673 2406 751 2460 Isidis
761 2423 965 2462 monumentum
980 2424 1082 2463 vocent.
1097 2413 1131 2464 Η.
1144 2445 1184 2455 -

121 2489 223 2543 duabus
250 2490 304 2543 suis
330 2489 537 2543 extremitatibus
550 2489 631 2559 ripe
673 2489 699 2539 A
710 2491 775 2557 rege.
789 2489 863 2539 Brot.
877 2506 908 2540 ex
926 2489 1006 2559 segg.
1023 2508 1056 2555 s,
1077 2491 1111 2556 3,
1133 2503 1182 2545 etc.

122 2571 206 2623 amnis
239 2569 425 2623 interfluentis
447 2569 628 2623 incumbebat.
673 2567 705 2619 ab
721 2587 784 2638 rege.
801 2569 855 2619 En.

120 2652 212 2703 Postea
225 2650 319 2722 egestis
330 2648 562 2714 leterculis,naves
570 2648 631 2701 sub·
716 2651 761 2700 26.
785 2646 948 2718 Eandemque
970 2668 1082 2704 sororum.
1105 2655 1183 2725 AEgy-

120 2732 212 2783 levate
226 2747 353 2798 excepere
366 2747 442 2781 onns.
457 2729 550 2782 Hann.
673 2726 791 2795 ptiorum
802 2725 845 2778 ille
855 2744 947 2797 regum
959 2746 1018 2781 mos
1030 2730 1088 2782 luit.
1100 2732 1185 2785 Testis

162 2829 207 2862 ss.
222 2798 415 2881 Excepisieonus
422 2820 545 2860 statutum.
557 2808 632 2858 Ecci-
673 2806 784 2876 insignis
803 2810 867 2878 prr'c¹
880 2808 980 2861 ceteris
999 2808 1026 2861 in
1046 2810 1184 2863 Thesauro

121 2909 158 2941 sos
177 2902 317 2941 autemus
339 2888 415 2952 tales,
434 2899 484 2940 etc.
509 2888 582 2940 Brot.
599 2904 631 2939 ex
673 2885 745 2956 regio
759 2904 884 2939 nummus
899 2906 1011 2953 oureus,
1027 2891 1102 2960 cujus
1122 2910 1183 2961 pars

121 2969 195 3023 MSS.
205 2971 287 3040 llegg.
296 2986 326 3033 a,
335 2967 362 3030 3,
374 2966 403 3026 5.
414 2969 536 3021 Ambros.
547 2978 628 3032 s,etc.
672 2964 748 3035 prior
760 2966 847 3037 capita
864 2964 927 3019 duo·
935 2968 1040 3022 exhibet
1047 3007 1056 3034 ,
1069 2988 1183 3041 quorum
1226 3020 1229 3027 ,

124 3074 136 3094 ·
150 3066 241 3120 excep.
260 3066 337 3100 onus.
350 3048 481 3099 Statutum
497 3059 584 3100 autem
601 3045 630 3096 iu
672 3045 785 3098 alterum
799 3044 875 3112 plteri
888 3046 1043 3115 applicitum
1059 3062 1097 3102 ert
1108 3068 1115 3101 ε
1128 3050 1184 3119 epi·

121 3146 164 3180 sex
179 3129 240 3180 talis
252 3145 267 3180 e
281 3138 373 3179 monte
389 3124 450 3179 eod.
463 3152 475 3171 ·
489 3125 630 3179 Reaaouie.
673 3124 790 3195 graphe,
813 3128 916 3177 OEssN.
941 3125 1076 3179 Posterior
1099 3132 1184 3197 capita

125 3234 136 3253 ·
149 3208 283 3261 Statutum
298 3218 387 3259 autem
403 3206 495 3259 excisis
511 3204 631 3259 sextulis
674 3202 730 3256 duo
743 3204 809 3268 elie,
829 3216 856 3255 et
874 3204 986 3257 alterum
999 3206 1122 3259 similiter
1135 3226 1184 3279 ap·

121 3299 246 3339 emonte.
260 3312 273 3333 ι
288 3288 341 3339 En.
634 3325 637 3331 .
673 3283 795 3355 plicitum
808 3282 885 3336 alteri
900 3304 906 3333 =
922 3284 1072 3355 epigraphe,
1085 3292 1184 3341 ΑΔΕΔ-

161 3373 206 3420 23.
223 3366 341 3417 Talentis.
357 3365 466 3434 Talenta
476 3366 534 3428 baec
550 3366 630 3434 AEgy·
673 3367 753 3417 ΦΩΝ.
767 3362 889 3415 Vidimus
902 3364 1020 3417 statium
1031 3364 1122 3435 pondo
1136 3386 1184 3421 au·

120 3445 194 3515 ptis,
207 3444 380 3516 interpretor,
398 3462 513 3511 quorum
530 3443 632 3514 singula
673 3460 781 3495 reorum
804 3442 991 3495 Francicorum
1015 3445 1103 3499 trium.
1124 3452 1184 3509 Θιὸς

120 3524 222 3594 argenti
233 3525 313 3578 libras
322 3523 455 3593 octoginta
465 3524 589 3594 capiunt,
600 3535 632 3575 ut
672 3538 753 3575 nemo
766 3540 859 3591 regum
875 3524 984 3594 AEgypti
994 3525 1036 3576 vel
1047 3523 1130 3597 Syriae
1143 3526 1185 3579 di·

120 3621 154 3656 en
164 3605 286 3658 Varrone
296 3602 425 3665 vidimus,
436 3603 483 3655 lib.
495 3603 631 3667 XXXIII,
673 3612 733 3655 ctus
744 3614 798 3665 est,
809 3602 853 3654 vel
863 3600 917 3671 dici·
929 3604 1017 3673 potuit
1028 3618 1091 3658 ante
1100 3606 1186 3659 Philo·

119 3700 177 3752 cap.
196 3684 240 3736 15.
261 3684 294 3736 ll.
315 3716 355 3727 -
374 3684 484 3737 Talenta
506 3682 633 3754 AEgyptia
674 3695 821 3741 meterent,
833 3681 874 3733 vel
888 3682 1013 3751 equalem
1025 3686 1081 3751 ejus
1091 3686 1185 3737 Antio·

118 3763 311 3834 quinquaginta
327 3777 391 3815 sunt
408 3762 507 3832 gslliose
519 3774 632 3815 moneto
675 3760 755 3814 chum
768 3762 838 3814 Θεόν.
856 3761 934 3813 Nunc
945 3764 1003 3831 pari
1019 3765 1075 3831 jure
1088 3765 1185 3833 conjux

118 3841 194 3895 librae
208 3843 438 3905 261,450.Bunr.
674 3840 862 3914 Philometoris
875 3840 928 3894 Orsi
942 3842 1089 3911 appellatur
1099 3863 1104 3893 :
1115 3860 1185 3913 quac,

160 3929 207 3984 ²4·
228 3923 280 3973 Hic
302 3935 381 3973 autem
399 3921 512 3974 obeliscus
530 3922 585 3987 suit
606 3924 631 3971 ia
674 3920 725 3973 nisi
738 3938 813 3972 soror
828 3919 944 3990 ejusdem
956 3933 1035 3985 esset,
1049 3940 1103 3973 esse
1117 3922 1184 3985 Θιὰ,

120 4001 226 4052 Arss'uoe
243 4005 336 4070 positus
355 3994 413 4071 (sic
434 3992 537 4071 prius).
550 4000 629 4054 Voss.
673 4000 716 4052 vel
728 3998 841 4051 omnino
851 4000 989 4068 Cleopatra
1002 3997 1057 4051 dici
1067 4019 1122 4053 uon
1135 4020 1185 4072 po-

123 4104 135 4127 «
147 4080 199 4133 ilie
217 4081 268 4134 fuit
287 4083 314 4134 in
330 4082 460 4135 Arsinoeo
478 4080 580 4150 positus
595 4080 629 4131 ab
673 4078 732 4130 tuit.
753 4078 785 4130 In
802 4079 883 4132 alteru
897 4079 980 4148 hujus
989 4080 1093 4131 nummi
1111 4094 1187 4150 parte

118 4176 181 4229 rege
193 4160 353 4231 supradicto.
365 4186 377 4208 »
394 4161 531 4231 Nusquam
540 4158 574 4211 rel
583 4178 628 4211 au·
673 4169 735 4211 suut
743 4158 880 4228 utriusque
890 4171 1019 4228 parentes,
1028 4158 1185 4214 Ptolemaeus
