3100 5125
357 496 426 582 364
624 502 662 569 C.
690 502 862 571 PLINII
887 504 994 570 NAT.
1022 504 1148 571 HIST.

270 673 274 680 -
355 632 420 700 hoc
433 656 537 726 genus
548 632 683 726 picturae
695 632 791 727 grylli
802 649 964 704 vocantur
974 621 1008 700 ¹⁸.
1028 638 1104 729 lpse
1118 638 1151 702 in
1163 635 1304 728 AEgypto
1318 650 1417 704 natus

321 760 337 816 4
356 737 469 808 didicit
485 761 503 806 a
522 737 721 808 Ctesidemo.
742 742 847 810 Decet
867 765 933 810 non
951 739 1036 810 sileri
1052 756 1086 808 et
1101 739 1283 810 Ardeatis¹⁹
1302 738 1417 834 templi

356 845 536 937 pictorem,
563 846 742 938 praesertim
769 847 904 916 civitate
928 846 1085 915 donatum
1107 847 1172 934 ibi,
1194 859 1227 915 et
1255 847 1416 926 carmine,

356 949 444 1042 quod
463 951 560 1018 estin
578 951 648 1043 ipsa
667 952 797 1044 pictura
813 951 865 1020 bis
885 952 1047 1022 versibus:

453 1104 553 1180 Dignis
569 1103 654 1180 digua
668 1105 764 1162 loca²⁰
778 1104 897 1181 picturis
911 1102 1132 1176 condecoravit,

453 1196 571 1272 Reginae
584 1196 706 1254 lunonis
720 1197 853 1273 supremi
867 1196 1027 1274 conjugis²¹
1048 1197 1201 1274 templum,

455 1291 571 1345 Marcus
585 1287 696 1346 Ludius
710 1289 831 1346 Helotas
840 1300 862 1329 ²²
876 1288 983 1346 AEtolia
998 1287 1154 1360 oriundus,

407 1376 410 1381 ’
454 1384 547 1451 Quem
563 1401 639 1438 nunc
653 1393 683 1438 et
696 1395 763 1459 post
775 1401 891 1459 semper
904 1380 943 1440 ob
958 1393 1049 1438 artem
1063 1381 1138 1438 banc
1149 1379 1246 1440 Ardea
1261 1380 1367 1439 laudat.

325 1540 340 1591 5
357 1524 471 1615 anue
479 1538 557 1592 sunt
568 1526 689 1618 scripta
698 1509 866 1618 antiquis²³
875 1523 990 1593 litteris
1001 1523 1108 1608 latinis
1123 1549 1130 1592 :
1148 1549 1216 1592 non
1234 1524 1419 1593 fraudando

358 1640 390 1694 et
404 1616 555 1724 Ludior²⁴,
572 1630 642 1698 divi
653 1632 793 1726 Augusti
809 1645 920 1716 aetate,
942 1631 997 1724 qui
1016 1631 1140 1724 primus
1155 1631 1295 1698 instituit
1315 1655 1418 1698 amoe-

356 1733 520 1803 nissimam
535 1737 697 1829 parietum
713 1739 893 1830 picturam,
908 1736 1041 1805 villaset
1053 1738 1267 1830 porticus‚ac
1278 1737 1417 1829 topiaria

355 1862 474 1930 opera,
492 1839 599 1927 lucos,
620 1867 775 1925 nemora,
796 1841 912 1929 colles,
931 1843 1093 1936 piscinas,
1112 1843 1263 1936 euripos,
1284 1865 1418 1926 amnes,

355 1941 482 2030 littora,
501 1945 608 2040 qualia
633 1950 705 2042 quis
729 1963 860 2041 optaret
871 1933 912 2035 ²⁵,
934 1950 1041 2016 varias
1063 1948 1107 2015 ibi
1133 1946 1417 2016 obambulantium

356 2052 497 2143 species,
507 2067 565 2122 aut
574 2055 818 2148 navigantium,
835 2069 988 2147 terraque
998 2052 1091 2122 villas
1102 2053 1294 2122 adeuntium
1310 2050 1418 2121 asellis

356 2230 447 2285 Gaou.
461 2264 501 2275 -
519 2233 633 2305 Gryllum
647 2235 744 2286 ridiculi
757 2235 861 2286 testem
909 2237 989 2305 [legg.
1013 2245 1040 2286 et
1061 2232 1126 2287 edit.
1141 2232 1226 2302 princ.
1241 2233 1322 2302 dignis
1343 2233 1418 2302 digna

355 2309 432 2363 Idem
445 2312 532 2380 pinxit
543 2314 676 2366 bominem
691 2313 783 2366 babitu
798 2311 865 2372 ridi·
908 2315 959 2366 loro
970 2316 1087 2382 picturis,
1100 2325 1153 2365 etc.
1169 2313 1221 2364 Eu.

356 2388 777 2463 culomomenquenbutefinxit,
786 2393 864 2464 Gryl·
949 2413 995 2446 er.
1016 2391 1126 2462 Supremr'
1146 2393 1262 2460 conjugis.
1285 2391 1344 2444 Hoc
1363 2403 1418 2453 eat,

356 2469 420 2520 lum.
432 2471 523 2524 Haau.
535 2499 572 2514 -
583 2472 656 2524 Brut.
672 2483 731 2542 poet
744 2472 864 2526 Gronov.
907 2473 990 2526 loris.
1010 2472 1051 2523 Ita
1070 2472 1148 2525 MSS.
1162 2471 1224 2540 fleg.
1241 2489 1271 2531 a,
1286 2469 1366 2524 Colb.
1383 2468 1417 2530 3.

356 2568 388 2602 ex
400 2549 476 2603 MSS.
490 2551 623 2605 deridiculi.
635 2551 686 2605 Eu.
908 2551 1005 2624 aliique
1022 2570 1112 2615 anon,
1125 2562 1155 2603 ut
1168 2547 1232 2603 editi
1247 2549 1375 2603 hactenus
1386 2547 1419 2601 li·

400 2632 444 2683 18.
458 2631 516 2681 Hoc
526 2650 601 2700 genua
611 2634 714 2700 pictura
726 2630 811 2702 Grylli
821 2651 866 2683 oo·
908 2632 967 2697 bri,
982 2650 1106 2701 suprema.
1118 2628 1208 2684 llann¹

357 2721 451 2764 cantur.
468 2709 577 2778 Grylios
596 2710 655 2762 illos
677 2709 806 2773 dicimus,
825 2711 866 2763 des
950 2710 1244 2772 n.11elotas.Elteue,
1255 2705 1420 2761 Lacedaemo·

357 2788 683 2842 sericatumTalearidere
693 2790 769 2843 estin
781 2791 867 2860 pictn·
909 2790 960 2843 uiis
982 2789 1122 2861 transfugae
1150 2787 1282 2858 appellati.
1307 2786 1418 2850 Strabo,

357 2866 394 2919 rie
407 2867 660 2933 Herculanensibus,
671 2869 867 2921 Pittureanu'cloe
908 2869 954 2923 lib.
964 2870 1020 2934 VI,
1035 2887 1063 2938 p.
1082 2871 1148 2937 278.
1159 2866 1250 2918 Haau.

357 2946 520 3008 d'Ercolano,
529 2958 594 2998 tom.
603 2948 655 3012 111,
664 2950 717 3002 tab.
727 2952 773 3001 26.
782 2950 864 3001 Baua.
951 2948 995 3001 23.
1008 2948 1123 3018 Antiqais
1132 2948 1218 2999 litteris
1228 2946 1317 2997 latinia
1327 2946 1368 2997 De
1379 2944 1420 2997 hie

330 3051 338 3071 ι
401 3042 443 3093 19.
457 3026 575 3077 Anlautir
587 3028 675 3097 templi.
690 3029 773 3097 Cujus
783 3028 867 3097 pictu-
908 3028 1008 3098 egimus
1019 3028 1088 3091 VII,
1103 3026 1148 3080 58.
1165 3026 1255 3079 Haau.

357 3123 400 3157 rae
410 3105 573 3174 antiquiores
587 3123 642 3159 esse
654 3107 720 3159 urbe
731 3108 815 3159 Roma
825 3105 867 3159 di·
950 3114 996 3171 aq.
1013 3106 1071 3159 Non
1077 3104 1220 3172 fraudando
1233 3115 1257 3154 et
1267 3104 1352 3155 Ludic.
1369 3102 1420 3155 Ne·

358 3198 429 3237 ctum
441 3197 481 3235 est
498 3183 632 3256 superius,
653 3204 711 3257 cap.
726 3190 765 3238 6:
784 3210 795 3231 ι
813 3187 866 3238 Ex·
908 3204 962 3257 que
988 3183 1210 3257 pretermittenda
1236 3181 1316 3235 Ludii
1350 3200 1419 3235 oona·

358 3275 427 3316 stant
451 3277 521 3316 certe
543 3263 679 3335 hodieque
699 3265 865 3335 antiquiores
909 3262 1043 3317 mendatio
1071 3276 1118 3317 eet.
1148 3261 1293 3316 Familiarie
1321 3257 1418 3313 locutio

359 3342 433 3393 Urbe
445 3342 555 3410 pictura
568 3343 674 3398 Ardea.
686 3369 697 3389 ι
712 3345 803 3397 Haeo.
908 3343 1004 3406 Plinii,
1022 3354 1051 3395 ut
1067 3342 1197 3395 constabit
1213 3359 1245 3394 ex
1263 3338 1363 3393 Iudice.
1384 3338 1417 3391 Η.

401 3439 443 3473 20.
465 3421 555 3489 Dignis
574 3424 650 3492 digna
670 3423 723 3473 loca
730 3462 737 3485 ‚
758 3435 809 3476 etc.
823 3420 866 3475 Sic
908 3456 948 3466 -
977 3424 1167 3475 Amoeuissimam
1194 3423 1312 3490 parietum
1338 3423 1418 3488 μίαν·

360 3499 437 3552 Grut.
447 3498 562 3565 addidit,
573 3502 600 3553 in
611 3502 734 3572 inscript.
743 3520 770 3571 p.
784 3500 866 3566 1065,
908 3522 972 3559 rem,
986 3515 1035 3555 ete.
1044 3502 1156 3572 Antiqui
1168 3498 1194 3553 id
1203 3518 1285 3570 genus
1295 3498 1418 3568 picturae,

359 3596 390 3630 ex
403 3591 505 3631 vetusto
512 3579 617 3650 lapide:
630 3598 726 3633 otene.
736 3597 867 3633 nomiae·
909 3582 941 3633 les
958 3599 1091 3653 paysages,
1110 3580 1265 3650 attigerant,
1284 3590 1315 3629 ut
1330 3574 1419 3629 videre

359 3676 446 3719 oreas.
472 3676 621 3712 ercrvaats.
648 3676 865 3713 coanucoaarir.
909 3672 948 3714 eat
966 3658 1036 3729 apud
1054 3659 1225 3721 Vitruvium,
1245 3658 1318 3721 VII,
1341 3656 1367 3709 5.
1382 3653 1420 3706 At

359 3754 490 3793 nomm.
504 3757 611 3792 arnoni.
624 3756 752 3791 aarum.
768 3755 865 3791 conav-
910 3739 956 3791 ubi
974 3737 1002 3791 id
1019 3740 1110 3790 Romae
1123 3737 1289 3809 pervulgarit
1303 3733 1418 3791 Ludius,

359 3834 867 3871 cr.nw1.v1.1aucve.avo1vs.aao·
909 3836 972 3870 usus
992 3817 1089 3887 ubique
1110 3816 1233 3877 involuit,
1255 3827 1284 3867 ut
1301 3824 1374 3885 patet
1389 3831 1418 3864 ex

359 3916 413 3950 ras
450 3892 570 3950 iuroun.
602 3914 749 3949 catraure.
778 3912 864 3958 oran.
909 3915 987 3967 quam
1010 3896 1134 3968 plurimis
1156 3894 1267 3967 picturis
1293 3892 1418 3947 Hercula·

359 3993 441 4027 mc.
458 3993 500 4027 ac.
521 3994 596 4029 eom.
619 3993 733 4028 swan.
754 3994 799 4028 oa.
815 3994 865 4027 aa·
909 3976 1043 4029 irensibus.
1056 3976 1138 4029 Baua.

360 4056 864 4110 ru.uano.aaun.1.avoar.flaau·
952 4056 997 4109 ²5.
1020 4056 1132 4124 Optaret.
1152 4054 1235 4107 Gron.
1255 4065 1282 4106 et
1300 4050 1342 4103 nt.
1361 4062 1419 4103 ante

360 4132 574 4205 -Dignisdigna
590 4135 650 4187 loca.
661 4134 735 4188 Brut.
747 4154 778 4187 ex
788 4134 864 4189 MSS.
909 4132 991 4187 ilerd.
1009 4146 1114 4205 optarat.
1130 4134 1180 4186 Eu.
