<?xml version="1.0" encoding="UTF-8"?>
<!DOCTYPE html PUBLIC "-//W3C//DTD XHTML 1.0 Transitional//EN"
    "http://www.w3.org/TR/xhtml1/DTD/xhtml1-transitional.dtd">
<html xmlns="http://www.w3.org/1999/xhtml" xml:lang="en" lang="en">
 <head>
  <title>
</title>
<meta http-equiv="Content-Type" content="text/html;charset=utf-8" />
  <meta name='ocr-system' content='tesseract 3.04.00' />
  <meta name='ocr-capabilities' content='ocr_page ocr_carea ocr_par ocr_line ocrx_word'/>
</head>
<body>
  <div class='ocr_page' id='page_1' title='image "./caiipliniisecun00hardgoog_0352.png"; bbox 0 0 3100 5125; ppageno 0'>
   <div class='ocr_carea' id='block_1_1' title="bbox 352 497 1135 588">
    <p class='ocr_par' dir='ltr' id='par_1_1' title="bbox 352 497 1135 588">
     <span class='ocr_line' id='line_1_1' title="bbox 352 497 1135 588; baseline -0.017 -11"><span class='ocrx_word' id='word_1_1' title='bbox 352 503 421 588; x_wconf 70' lang='grc'>344</span> <span class='ocrx_word' id='word_1_2' title='bbox 621 501 661 567; x_wconf 92' lang='lat' dir='ltr'>C.</span> <span class='ocrx_word' id='word_1_3' title='bbox 686 499 852 568; x_wconf 85' lang='lat' dir='ltr'>PLINll</span> <span class='ocrx_word' id='word_1_4' title='bbox 877 499 982 566; x_wconf 83' lang='lat' dir='ltr'>NAT.</span> <span class='ocrx_word' id='word_1_5' title='bbox 1009 497 1135 566; x_wconf 85' lang='lat' dir='ltr'>HIST.</span> 
     </span>
    </p>
   </div>
   <div class='ocr_carea' id='block_1_2' title="bbox 297 614 1424 2420">
    <p class='ocr_par' dir='ltr' id='par_1_2' title="bbox 350 614 1416 730">
     <span class='ocr_line' id='line_1_2' title="bbox 350 614 1416 730; baseline -0.005 -27"><span class='ocrx_word' id='word_1_6' title='bbox 350 656 452 730; x_wconf 89' lang='lat' dir='ltr'>opera</span> <span class='ocrx_word' id='word_1_7' title='bbox 478 614 646 716; x_wconf 79' lang='lat' dir='ltr'>effecta¹⁶,</span> <span class='ocrx_word' id='word_1_8' title='bbox 675 653 816 724; x_wconf 86' lang='lat' dir='ltr'>parvum</span> <span class='ocrx_word' id='word_1_9' title='bbox 841 630 952 699; x_wconf 87' lang='lat' dir='ltr'>nescio</span> <span class='ocrx_word' id='word_1_10' title='bbox 978 629 1058 723; x_wconf 90' lang='lat' dir='ltr'>quid</span> <span class='ocrx_word' id='word_1_11' title='bbox 1086 627 1235 698; x_wconf 87' lang='lat' dir='ltr'>dixerat:</span> <span class='ocrx_word' id='word_1_12' title='bbox 1258 643 1293 698; x_wconf 87' lang='lat' dir='ltr'>at</span> <span class='ocrx_word' id='word_1_13' title='bbox 1304 629 1327 670; x_wconf 85' lang='lat'>¹⁷</span> <span class='ocrx_word' id='word_1_14' title='bbox 1356 627 1416 698; x_wconf 89' lang='lat' dir='ltr'>ille</span> 
     </span>
    </p>

    <p class='ocr_par' dir='ltr' id='par_1_3' title="bbox 350 721 1413 835">
     <span class='ocr_line' id='line_1_3' title="bbox 350 721 1413 835; baseline -0.006 -27"><span class='ocrx_word' id='word_1_15' title='bbox 350 736 589 835; x_wconf 83' lang='lat' dir='ltr'>quinquagenis</span> <span class='ocrx_word' id='word_1_16' title='bbox 608 733 739 804; x_wconf 86' lang='lat' dir='ltr'>talentis</span> <span class='ocrx_word' id='word_1_17' title='bbox 750 721 774 760; x_wconf 84' lang='lat'>¹⁸</span> <span class='ocrx_word' id='word_1_18' title='bbox 789 737 961 831; x_wconf 86' lang='lat' dir='ltr'><strong>poposcit:</strong></span> <span class='ocrx_word' id='word_1_19' title='bbox 983 733 1170 828; x_wconf 79' lang='lat' dir='ltr'>famamque</span> <span class='ocrx_word' id='word_1_20' title='bbox 1188 732 1358 828; x_wconf 76' lang='lat' dir='ltr'><strong>dispersit,</strong></span> <span class='ocrx_word' id='word_1_21' title='bbox 1375 759 1413 804; x_wconf 90' lang='lat' dir='ltr'>se</span> 
     </span>
    </p>

    <p class='ocr_par' dir='ltr' id='par_1_4' title="bbox 349 840 1413 936">
     <span class='ocr_line' id='line_1_4' title="bbox 349 840 1413 936; baseline -0.005 -23"><span class='ocrx_word' id='word_1_22' title='bbox 349 869 479 929; x_wconf 88' lang='lat' dir='ltr'>emere,</span> <span class='ocrx_word' id='word_1_23' title='bbox 499 858 539 912; x_wconf 92' lang='lat' dir='ltr'>ut</span> <span class='ocrx_word' id='word_1_24' title='bbox 557 865 619 936; x_wconf 93' lang='lat' dir='ltr'>pro</span> <span class='ocrx_word' id='word_1_25' title='bbox 641 843 707 910; x_wconf 91' lang='lat' dir='ltr'>suis</span> <span class='ocrx_word' id='word_1_26' title='bbox 730 842 897 910; x_wconf 86' lang='lat' dir='ltr'>venderet.</span> <span class='ocrx_word' id='word_1_27' title='bbox 921 843 968 908; x_wconf 89' lang='lat' dir='ltr'>Ea</span> <span class='ocrx_word' id='word_1_28' title='bbox 986 865 1038 910; x_wconf 89' lang='lat' dir='ltr'>res</span> <span class='ocrx_word' id='word_1_29' title='bbox 1060 841 1238 909; x_wconf 89' lang='lat' dir='ltr'>concitavit</span> <span class='ocrx_word' id='word_1_30' title='bbox 1259 840 1413 909; x_wconf 87' lang='lat' dir='ltr'>Rhodios</span> 
     </span>
    </p>

    <p class='ocr_par' dir='ltr' id='par_1_5' title="bbox 321 933 1413 1127">
     <span class='ocr_line' id='line_1_5' title="bbox 350 933 1413 1044; baseline -0.002 -26"><span class='ocrx_word' id='word_1_31' title='bbox 350 951 393 1018; x_wconf 92' lang='lat' dir='ltr'>ad</span> <span class='ocrx_word' id='word_1_32' title='bbox 407 946 654 1044; x_wconf 88' lang='lat' dir='ltr'>intelligendum</span> <span class='ocrx_word' id='word_1_33' title='bbox 668 945 827 1018; x_wconf 84' lang='lat' dir='ltr'>artificem</span> <span class='ocrx_word' id='word_1_34' title='bbox 848 971 856 1013; x_wconf 91' lang='lat'><strong>:</strong></span> <span class='ocrx_word' id='word_1_35' title='bbox 877 971 938 1016; x_wconf 89' lang='lat' dir='ltr'>nec</span> <span class='ocrx_word' id='word_1_36' title='bbox 954 947 1016 1014; x_wconf 93' lang='lat' dir='ltr'>nisi</span> <span class='ocrx_word' id='word_1_37' title='bbox 1030 945 1226 1040; x_wconf 81' lang='lat' dir='ltr'>augentibus</span> <span class='ocrx_word' id='word_1_38' title='bbox 1247 933 1413 1041; x_wconf 88' lang='lat' dir='ltr'>pretiuin,</span> 
     </span>
     <span class='ocr_line' id='line_1_6' title="bbox 321 1058 1323 1127; baseline -0.006 0"><span class='ocrx_word' id='word_1_39' title='bbox 321 1081 327 1094; x_wconf 84' lang='lat'><strong>·</strong></span> <span class='ocrx_word' id='word_1_40' title='bbox 350 1058 456 1127; x_wconf 87' lang='lat' dir='ltr'>cessit.</span> <span class='ocrx_word' id='word_1_41' title='bbox 1320 1068 1323 1072; x_wconf 83' lang='grc'><strong>’</strong></span> 
     </span>
    </p>

    <p class='ocr_par' dir='ltr' id='par_1_6' title="bbox 298 1147 1424 2314">
     <span class='ocr_line' id='line_1_7' title="bbox 298 1147 1410 1254; baseline -0.007 -20"><span class='ocrx_word' id='word_1_42' title='bbox 298 1183 331 1234; x_wconf 72' lang='lat'>26</span> <span class='ocrx_word' id='word_1_43' title='bbox 402 1161 582 1254; x_wconf 84' lang='lat' dir='ltr'>Imaginem</span> <span class='ocrx_word' id='word_1_44' title='bbox 602 1157 926 1230; x_wconf 87' lang='lat' dir='ltr'>adeo&#39;similitudinis</span> <span class='ocrx_word' id='word_1_45' title='bbox 945 1155 1127 1226; x_wconf 73' lang='lat' dir='ltr'>indiscrete</span> <span class='ocrx_word' id='word_1_46' title='bbox 1145 1158 1270 1252; x_wconf 83' lang='lat' dir='ltr'><strong>pinxit,</strong></span> <span class='ocrx_word' id='word_1_47' title='bbox 1285 1171 1322 1226; x_wconf 91' lang='lat' dir='ltr'>ut</span> <span class='ocrx_word' id='word_1_48' title='bbox 1336 1147 1410 1249; x_wconf 87' lang='lat' dir='ltr'>(in—</span> 
     </span>
     <span class='ocr_line' id='line_1_8' title="bbox 349 1259 1411 1360; baseline -0.004 -24"><span class='ocrx_word' id='word_1_49' title='bbox 349 1266 504 1336; x_wconf 83' lang='lat' dir='ltr'>credibile</span> <span class='ocrx_word' id='word_1_50' title='bbox 519 1259 638 1353; x_wconf 88' lang='lat' dir='ltr'>dictu)</span> <span class='ocrx_word' id='word_1_51' title='bbox 658 1267 765 1360; x_wconf 89' lang='lat' dir='ltr'>Apion</span> <span class='ocrx_word' id='word_1_52' title='bbox 789 1265 1021 1360; x_wconf 88' lang='lat' dir='ltr'>grammaticus</span> <span class='ocrx_word' id='word_1_53' title='bbox 1040 1263 1201 1356; x_wconf 89' lang='lat' dir='ltr'>scriptum</span> <span class='ocrx_word' id='word_1_54' title='bbox 1222 1261 1411 1358; x_wconf 81' lang='lat' dir='ltr'>reliquerit,</span> 
     </span>
     <span class='ocr_line' id='line_1_9' title="bbox 348 1366 1410 1468; baseline -0.004 -26"><span class='ocrx_word' id='word_1_55' title='bbox 348 1373 526 1468; x_wconf 90' lang='lat' dir='ltr'>quemdam</span> <span class='ocrx_word' id='word_1_56' title='bbox 543 1397 584 1442; x_wconf 91' lang='lat' dir='ltr'>ex</span> <span class='ocrx_word' id='word_1_57' title='bbox 606 1372 689 1440; x_wconf 86' lang='lat' dir='ltr'>facie</span> <span class='ocrx_word' id='word_1_58' title='bbox 708 1369 882 1440; x_wconf 91' lang='lat' dir='ltr'>bominum</span> <span class='ocrx_word' id='word_1_59' title='bbox 904 1369 1153 1440; x_wconf 86' lang='lat' dir='ltr'>addivinantem</span> <span class='ocrx_word' id='word_1_60' title='bbox 1171 1366 1277 1464; x_wconf 92' lang='lat' dir='ltr'>(quos</span> <span class='ocrx_word' id='word_1_61' title='bbox 1297 1371 1410 1438; x_wconf 90' lang='lat' dir='ltr'>Meto·</span> 
     </span>
     <span class='ocr_line' id='line_1_10' title="bbox 348 1469 1409 1574; baseline -0.004 -26"><span class='ocrx_word' id='word_1_62' title='bbox 348 1477 539 1574; x_wconf 76' lang='lat' dir='ltr'>poscopos¹⁹</span> <span class='ocrx_word' id='word_1_63' title='bbox 557 1469 699 1568; x_wconf 88' lang='lat' dir='ltr'>vocant)</span> <span class='ocrx_word' id='word_1_64' title='bbox 711 1501 751 1546; x_wconf 81' lang='lat' dir='ltr'>ex</span> <span class='ocrx_word' id='word_1_65' title='bbox 766 1476 805 1548; x_wconf 87' lang='lat' dir='ltr'>iis</span> <span class='ocrx_word' id='word_1_66' title='bbox 820 1475 939 1546; x_wconf 86' lang='lat' dir='ltr'>dixisse</span> <span class='ocrx_word' id='word_1_67' title='bbox 950 1489 1008 1544; x_wconf 91' lang='lat' dir='ltr'>aut</span> <span class='ocrx_word' id='word_1_68' title='bbox 1024 1475 1142 1544; x_wconf 82' lang='lat' dir='ltr'>futurae</span> <span class='ocrx_word' id='word_1_69' title='bbox 1159 1477 1275 1544; x_wconf 81' lang='lat' dir='ltr'>mortis</span> <span class='ocrx_word' id='word_1_70' title='bbox 1288 1497 1409 1560; x_wconf 88' lang='lat' dir='ltr'>annos,</span> 
     </span>
     <span class='ocr_line' id='line_1_11' title="bbox 349 1577 1424 1680; baseline 0.002 -28"><span class='ocrx_word' id='word_1_71' title='bbox 349 1600 407 1652; x_wconf 93' lang='lat' dir='ltr'>aut</span> <span class='ocrx_word' id='word_1_72' title='bbox 419 1583 601 1680; x_wconf 74' lang='lat' dir='ltr'>praeterita.</span> <span class='ocrx_word' id='word_1_73' title='bbox 622 1584 700 1653; x_wconf 83' lang='lat' dir='ltr'>Non</span> <span class='ocrx_word' id='word_1_74' title='bbox 718 1582 827 1652; x_wconf 88' lang='lat' dir='ltr'>fuerat</span> <span class='ocrx_word' id='word_1_75' title='bbox 841 1584 871 1651; x_wconf 89' lang='lat' dir='ltr'>ei</span> <span class='ocrx_word' id='word_1_76' title='bbox 891 1583 995 1678; x_wconf 87' lang='lat' dir='ltr'>gratia</span> <span class='ocrx_word' id='word_1_77' title='bbox 1009 1582 1043 1649; x_wconf 90' lang='lat' dir='ltr'>in</span> <span class='ocrx_word' id='word_1_78' title='bbox 1060 1582 1218 1652; x_wconf 89' lang='lat' dir='ltr'>comitatu</span> <span class='ocrx_word' id='word_1_79' title='bbox 1233 1577 1424 1673; x_wconf 76' lang='lat' dir='ltr'>Alexandri.</span> 
     </span>
     <span class='ocr_line' id='line_1_12' title="bbox 348 1685 1409 1784; baseline -0.006 -24"><span class='ocrx_word' id='word_1_80' title='bbox 348 1715 426 1760; x_wconf 84' lang='lat' dir='ltr'>curn</span> <span class='ocrx_word' id='word_1_81' title='bbox 444 1689 622 1760; x_wconf 71' lang='lat' dir='ltr'>Ptolemaeo</span> <span class='ocrx_word' id='word_1_82' title='bbox 630 1688 672 1758; x_wconf 81' lang='lat'>²⁰&#39;:</span> <span class='ocrx_word' id='word_1_83' title='bbox 691 1714 758 1784; x_wconf 92' lang='lat' dir='ltr'>quo</span> <span class='ocrx_word' id='word_1_84' title='bbox 773 1685 955 1784; x_wconf 80' lang='lat' dir='ltr'>regnante,</span> <span class='ocrx_word' id='word_1_85' title='bbox 979 1685 1208 1756; x_wconf 83' lang='lat' dir='ltr'>Alexandriam</span> <span class='ocrx_word' id='word_1_86' title='bbox 1222 1688 1256 1756; x_wconf 85' lang='lat' dir='ltr'>vi</span> <span class='ocrx_word' id='word_1_87' title='bbox 1276 1699 1409 1782; x_wconf 89' lang='lat' dir='ltr'>tempe·</span> 
     </span>
     <span class='ocr_line' id='line_1_13' title="bbox 349 1789 1411 1892; baseline -0.003 -29"><span class='ocrx_word' id='word_1_88' title='bbox 349 1797 442 1871; x_wconf 89' lang='lat' dir='ltr'>statis</span> <span class='ocrx_word' id='word_1_89' title='bbox 456 1795 628 1892; x_wconf 89' lang='lat' dir='ltr'>expulsus,</span> <span class='ocrx_word' id='word_1_90' title='bbox 639 1795 819 1866; x_wconf 90' lang='lat' dir='ltr'>subornato</span> <span class='ocrx_word' id='word_1_91' title='bbox 832 1793 946 1864; x_wconf 88' lang='lat' dir='ltr'>fraude</span> <span class='ocrx_word' id='word_1_92' title='bbox 960 1792 1153 1862; x_wconf 84' lang='lat' dir='ltr'>aemulorum</span> <span class='ocrx_word' id='word_1_93' title='bbox 1171 1789 1302 1887; x_wconf 83' lang='lat' dir='ltr'>plano²¹</span> <span class='ocrx_word' id='word_1_94' title='bbox 1318 1795 1411 1886; x_wconf 88' lang='lat' dir='ltr'>regio</span> 
     </span>
     <span class='ocr_line' id='line_1_14' title="bbox 349 1897 1410 1995; baseline -0.002 -26"><span class='ocrx_word' id='word_1_95' title='bbox 349 1903 521 1989; x_wconf 81' lang='lat' dir='ltr'>invitatus,</span> <span class='ocrx_word' id='word_1_96' title='bbox 552 1900 595 1972; x_wconf 91' lang='lat' dir='ltr'>ad</span> <span class='ocrx_word' id='word_1_97' title='bbox 618 1899 737 1995; x_wconf 82' lang='lat' dir='ltr'>regis&#39;²</span> <span class='ocrx_word' id='word_1_98' title='bbox 760 1925 889 1971; x_wconf 88' lang='lat' dir='ltr'>coenam</span> <span class='ocrx_word' id='word_1_99' title='bbox 910 1899 1030 1969; x_wconf 89' lang='lat' dir='ltr'>venit:</span> <span class='ocrx_word' id='word_1_100' title='bbox 1059 1897 1306 1992; x_wconf 86' lang='lat' dir='ltr'>indignantique</span> <span class='ocrx_word' id='word_1_101' title='bbox 1331 1901 1410 1967; x_wconf 91' lang='lat' dir='ltr'>Pto·</span> 
     </span>
     <span class='ocr_line' id='line_1_15' title="bbox 348 1995 1409 2098; baseline -0.002 -23"><span class='ocrx_word' id='word_1_102' title='bbox 348 2005 481 2094; x_wconf 84' lang='lat' dir='ltr'>lemaeo,</span> <span class='ocrx_word' id='word_1_103' title='bbox 502 2022 539 2078; x_wconf 89' lang='lat' dir='ltr'>et.</span> <span class='ocrx_word' id='word_1_104' title='bbox 562 2022 735 2077; x_wconf 85' lang='lat' dir='ltr'>vocatores</span> <span class='ocrx_word' id='word_1_105' title='bbox 761 2031 838 2078; x_wconf 89' lang='lat' dir='ltr'>snos</span> <span class='ocrx_word' id='word_1_106' title='bbox 866 1995 1069 2091; x_wconf 82' lang='lat' dir='ltr'>ostendenti,</span> <span class='ocrx_word' id='word_1_107' title='bbox 1089 2019 1128 2072; x_wconf 91' lang='lat' dir='ltr'>ut</span> <span class='ocrx_word' id='word_1_108' title='bbox 1150 2002 1274 2072; x_wconf 88' lang='lat' dir='ltr'>diceret</span> <span class='ocrx_word' id='word_1_109' title='bbox 1297 2027 1316 2072; x_wconf 91' lang='lat' dir='ltr'>a</span> <span class='ocrx_word' id='word_1_110' title='bbox 1340 2029 1409 2098; x_wconf 93' lang='lat' dir='ltr'>quo</span> 
     </span>
     <span class='ocr_line' id='line_1_16' title="bbox 347 2109 1410 2207; baseline -0.004 -25"><span class='ocrx_word' id='word_1_111' title='bbox 347 2137 463 2182; x_wconf 84' lang='lat' dir='ltr'>eorum</span> <span class='ocrx_word' id='word_1_112' title='bbox 482 2113 638 2183; x_wconf 87' lang='lat' dir='ltr'>invitatus</span> <span class='ocrx_word' id='word_1_113' title='bbox 655 2129 756 2198; x_wconf 88' lang='lat' dir='ltr'>esset,</span> <span class='ocrx_word' id='word_1_114' title='bbox 770 2127 904 2207; x_wconf 87' lang='lat' dir='ltr'>arrepto</span> <span class='ocrx_word' id='word_1_115' title='bbox 922 2110 1067 2180; x_wconf 87' lang='lat' dir='ltr'>carbone</span> <span class='ocrx_word' id='word_1_116' title='bbox 1087 2111 1234 2180; x_wconf 85' lang='lat' dir='ltr'>extincto</span> <span class='ocrx_word' id='word_1_117' title='bbox 1248 2135 1267 2178; x_wconf 89' lang='lat' dir='ltr'>e</span> <span class='ocrx_word' id='word_1_118' title='bbox 1283 2109 1410 2197; x_wconf 86' lang='lat' dir='ltr'>locul0,</span> 
     </span>
     <span class='ocr_line' id='line_1_17' title="bbox 348 2213 1409 2314; baseline -0.003 -26"><span class='ocrx_word' id='word_1_119' title='bbox 348 2218 526 2314; x_wconf 88' lang='lat' dir='ltr'>imaginem</span> <span class='ocrx_word' id='word_1_120' title='bbox 544 2221 579 2288; x_wconf 91' lang='lat' dir='ltr'>in</span> <span class='ocrx_word' id='word_1_121' title='bbox 597 2221 722 2314; x_wconf 88' lang='lat' dir='ltr'>pariete</span> <span class='ocrx_word' id='word_1_122' title='bbox 740 2217 932 2306; x_wconf 87' lang='lat' dir='ltr'>delineavit,</span> <span class='ocrx_word' id='word_1_123' title='bbox 950 2231 1149 2314; x_wconf 82' lang='lat' dir='ltr'>agnoscente</span> <span class='ocrx_word' id='word_1_124' title='bbox 1170 2215 1298 2286; x_wconf 87' lang='lat' dir='ltr'>vultum</span> <span class='ocrx_word' id='word_1_125' title='bbox 1316 2213 1409 2310; x_wconf 88' lang='lat' dir='ltr'>plani</span> 
     </span>
    </p>

    <p class='ocr_par' dir='ltr' id='par_1_7' title="bbox 297 2305 1410 2420">
     <span class='ocr_line' id='line_1_18' title="bbox 297 2305 1410 2420; baseline -0.002 -27"><span class='ocrx_word' id='word_1_126' title='bbox 297 2351 329 2406; x_wconf 80' lang='lat'>²7</span> <span class='ocrx_word' id='word_1_127' title='bbox 348 2349 444 2420; x_wconf 87' lang='lat' dir='ltr'>rege,</span> <span class='ocrx_word' id='word_1_128' title='bbox 457 2350 499 2395; x_wconf 89' lang='lat' dir='ltr'>ex</span> <span class='ocrx_word' id='word_1_129' title='bbox 512 2325 669 2395; x_wconf 89' lang='lat' dir='ltr'>inchoato</span> <span class='ocrx_word' id='word_1_130' title='bbox 681 2327 846 2420; x_wconf 84' lang='lat' dir='ltr'>protinus·</span> <span class='ocrx_word' id='word_1_131' title='bbox 858 2325 966 2394; x_wconf 83' lang='lat' dir='ltr'>Pinxit</span> <span class='ocrx_word' id='word_1_132' title='bbox 984 2337 1017 2392; x_wconf 89' lang='lat' dir='ltr'>et</span> <span class='ocrx_word' id='word_1_133' title='bbox 1035 2305 1220 2418; x_wconf 83' lang='lat' dir='ltr'>Antigoni²³</span> <span class='ocrx_word' id='word_1_134' title='bbox 1236 2325 1322 2417; x_wconf 85' lang='lat' dir='ltr'>regis</span> <span class='ocrx_word' id='word_1_135' title='bbox 1334 2324 1410 2391; x_wconf 87' lang='lat' dir='ltr'>ima·</span> 
     </span>
    </p>
   </div>
   <div class='ocr_carea' id='block_1_3' title="bbox 224 2539 1410 4202">
    <p class='ocr_par' dir='ltr' id='par_1_8' title="bbox 344 2539 1410 3010">
     <span class='ocr_line' id='line_1_19' title="bbox 346 2539 1410 2615; baseline -0.004 -18"><span class='ocrx_word' id='word_1_136' title='bbox 346 2540 642 2615; x_wconf 79' lang='lat' dir='ltr'>incuriosi,longiaqoa</span> <span class='ocrx_word' id='word_1_137' title='bbox 651 2553 856 2598; x_wconf 73' lang='lat' dir='ltr'>sectemurteea</span> <span class='ocrx_word' id='word_1_138' title='bbox 941 2558 987 2610; x_wconf 85' lang='lat'>¹9·</span> <span class='ocrx_word' id='word_1_139' title='bbox 1023 2539 1212 2609; x_wconf 77' lang='lat' dir='ltr'>Metoposeopos.</span> <span class='ocrx_word' id='word_1_140' title='bbox 1239 2541 1410 2593; x_wconf 62' lang='lat' dir='ltr'>Maroneam-</span> 
     </span>
     <span class='ocr_line' id='line_1_20' title="bbox 346 2618 1410 2693; baseline -0.002 -19"><span class='ocrx_word' id='word_1_141' title='bbox 346 2621 422 2693; x_wconf 83' lang='lat' dir='ltr'>quod</span> <span class='ocrx_word' id='word_1_142' title='bbox 436 2623 556 2675; x_wconf 84' lang='lat' dir='ltr'>omnium</span> <span class='ocrx_word' id='word_1_143' title='bbox 570 2640 659 2675; x_wconf 77' lang='lat' dir='ltr'>rerum</span> <span class='ocrx_word' id='word_1_144' title='bbox 676 2621 777 2693; x_wconf 91' lang='lat' dir='ltr'>cupido</span> <span class='ocrx_word' id='word_1_145' title='bbox 798 2624 856 2677; x_wconf 84' lang='lat' dir='ltr'>lan·</span> <span class='ocrx_word' id='word_1_146' title='bbox 898 2639 974 2685; x_wconf 71' lang='lat' dir='ltr'>naue,</span> <span class='ocrx_word' id='word_1_147' title='bbox 985 2620 1031 2691; x_wconf 91' lang='lat' dir='ltr'>qui</span> <span class='ocrx_word' id='word_1_148' title='bbox 1043 2618 1182 2673; x_wconf 84' lang='lat' dir='ltr'>hominurn</span> <span class='ocrx_word' id='word_1_149' title='bbox 1197 2618 1330 2691; x_wconf 78' lang='lat' dir='ltr'>ingenium</span> <span class='ocrx_word' id='word_1_150' title='bbox 1342 2619 1410 2690; x_wconf 74' lang='lat' dir='ltr'>diju-</span> 
     </span>
     <span class='ocr_line' id='line_1_21' title="bbox 345 2697 1409 2779; baseline -0.005 -24"><span class='ocrx_word' id='word_1_151' title='bbox 345 2702 459 2772; x_wconf 75' lang='lat' dir='ltr'>gueacit,</span> <span class='ocrx_word' id='word_1_152' title='bbox 481 2720 565 2772; x_wconf 76' lang='lat' dir='ltr'>quum</span> <span class='ocrx_word' id='word_1_153' title='bbox 584 2701 668 2755; x_wconf 74' lang='lat' dir='ltr'>facilia</span> <span class='ocrx_word' id='word_1_154' title='bbox 681 2703 782 2754; x_wconf 78' lang='lat' dir='ltr'>occasio</span> <span class='ocrx_word' id='word_1_155' title='bbox 796 2715 855 2756; x_wconf 85' lang='lat' dir='ltr'>est:</span> <span class='ocrx_word' id='word_1_156' title='bbox 871 2752 880 2779; x_wconf 79' lang='lat'>,</span> <span class='ocrx_word' id='word_1_157' title='bbox 899 2697 989 2753; x_wconf 83' lang='lat' dir='ltr'>dicant</span> <span class='ocrx_word' id='word_1_158' title='bbox 1009 2717 1041 2751; x_wconf 83' lang='lat' dir='ltr'>ex</span> <span class='ocrx_word' id='word_1_159' title='bbox 1065 2698 1175 2765; x_wconf 85' lang='lat' dir='ltr'>fronte,</span> <span class='ocrx_word' id='word_1_160' title='bbox 1191 2698 1409 2770; x_wconf 85' lang='lat' dir='ltr'>lineamentisque</span> 
     </span>
     <span class='ocr_line' id='line_1_22' title="bbox 346 2774 1410 2852; baseline -0.005 -18"><span class='ocrx_word' id='word_1_161' title='bbox 346 2798 393 2834; x_wconf 81' lang='lat' dir='ltr'>eeu</span> <span class='ocrx_word' id='word_1_162' title='bbox 407 2779 479 2852; x_wconf 88' lang='lat' dir='ltr'>quod</span> <span class='ocrx_word' id='word_1_163' title='bbox 486 2778 653 2846; x_wconf 75' lang='lat' dir='ltr'>differimus,</span> <span class='ocrx_word' id='word_1_164' title='bbox 665 2794 801 2851; x_wconf 84' lang='lat' dir='ltr'>tamquam</span> <span class='ocrx_word' id='word_1_165' title='bbox 813 2801 856 2836; x_wconf 78' lang='lat' dir='ltr'>aas·</span> <span class='ocrx_word' id='word_1_166' title='bbox 896 2776 1034 2849; x_wconf 76' lang='lat' dir='ltr'>corporis,</span> <span class='ocrx_word' id='word_1_167' title='bbox 1054 2790 1132 2849; x_wconf 85' lang='lat' dir='ltr'>atque</span> <span class='ocrx_word' id='word_1_168' title='bbox 1144 2774 1207 2833; x_wconf 89' lang='lat' dir='ltr'>iude</span> <span class='ocrx_word' id='word_1_169' title='bbox 1221 2778 1308 2831; x_wconf 83' lang='lat' dir='ltr'>lutura</span> <span class='ocrx_word' id='word_1_170' title='bbox 1329 2796 1410 2849; x_wconf 86' lang='lat' dir='ltr'>angu-</span> 
     </span>
     <span class='ocr_line' id='line_1_23' title="bbox 344 2854 1410 2933; baseline -0.002 -22"><span class='ocrx_word' id='word_1_171' title='bbox 344 2876 382 2929; x_wconf 82' lang='lat' dir='ltr'>ps</span> <span class='ocrx_word' id='word_1_172' title='bbox 389 2859 484 2921; x_wconf 81' lang='lat' dir='ltr'>visuri,</span> <span class='ocrx_word' id='word_1_173' title='bbox 497 2857 571 2931; x_wconf 89' lang='lat' dir='ltr'>quod</span> <span class='ocrx_word' id='word_1_174' title='bbox 583 2857 664 2913; x_wconf 85' lang='lat' dir='ltr'>datur</span> <span class='ocrx_word' id='word_1_175' title='bbox 673 2855 778 2925; x_wconf 84' lang='lat' dir='ltr'>videre,</span> <span class='ocrx_word' id='word_1_176' title='bbox 791 2880 857 2933; x_wconf 89' lang='lat' dir='ltr'>quo·</span> <span class='ocrx_word' id='word_1_177' title='bbox 899 2870 1002 2911; x_wconf 83' lang='lat' dir='ltr'>rantur.</span> <span class='ocrx_word' id='word_1_178' title='bbox 1018 2856 1088 2911; x_wconf 86' lang='lat' dir='ltr'>Usus</span> <span class='ocrx_word' id='word_1_179' title='bbox 1107 2858 1186 2911; x_wconf 84' lang='lat' dir='ltr'>etiam</span> <span class='ocrx_word' id='word_1_180' title='bbox 1200 2874 1229 2909; x_wconf 86' lang='lat' dir='ltr'>ea</span> <span class='ocrx_word' id='word_1_181' title='bbox 1246 2874 1312 2910; x_wconf 82' lang='lat' dir='ltr'>voce</span> <span class='ocrx_word' id='word_1_182' title='bbox 1326 2854 1410 2911; x_wconf 81' lang='lat' dir='ltr'>Trab-</span> 
     </span>
     <span class='ocr_line' id='line_1_24' title="bbox 345 2936 1110 3010; baseline -0.005 -19"><span class='ocrx_word' id='word_1_183' title='bbox 345 2938 395 2993; x_wconf 78' lang='lat' dir='ltr'>tie·</span> <span class='ocrx_word' id='word_1_184' title='bbox 407 2938 601 3003; x_wconf 85' lang='lat' dir='ltr'>velisoernere,</span> <span class='ocrx_word' id='word_1_185' title='bbox 620 2952 696 2993; x_wconf 71' lang='lat' dir='ltr'>etc..</span> <span class='ocrx_word' id='word_1_186' title='bbox 715 2936 804 2995; x_wconf 79' lang='lat' dir='ltr'>Hann.</span> <span class='ocrx_word' id='word_1_187' title='bbox 899 2936 1006 3010; x_wconf 88' lang='lat' dir='ltr'>quillus.</span> <span class='ocrx_word' id='word_1_188' title='bbox 1017 2936 1110 2989; x_wconf 79' lang='lat' dir='ltr'>Haeo.</span> 
     </span>
    </p>

    <p class='ocr_par' dir='ltr' id='par_1_9' title="bbox 344 3014 1408 3247">
     <span class='ocr_line' id='line_1_25' title="bbox 389 3014 1408 3089; baseline -0.002 -18"><span class='ocrx_word' id='word_1_189' title='bbox 389 3020 434 3071; x_wconf 85' lang='lat'>16.</span> <span class='ocrx_word' id='word_1_190' title='bbox 450 3017 544 3089; x_wconf 75' lang='lat' dir='ltr'>Quanti</span> <span class='ocrx_word' id='word_1_191' title='bbox 557 3018 689 3070; x_wconf 61' lang='lat' dir='ltr'>&amp;citaretur</span> <span class='ocrx_word' id='word_1_192' title='bbox 704 3037 776 3086; x_wconf 82' lang='lat' dir='ltr'>opera</span> <span class='ocrx_word' id='word_1_193' title='bbox 795 3020 856 3089; x_wconf 76' lang='lat' dir='ltr'>effe·</span> <span class='ocrx_word' id='word_1_194' title='bbox 942 3034 986 3071; x_wconf 85' lang='lat' dir='ltr'>ao.</span> <span class='ocrx_word' id='word_1_195' title='bbox 1002 3015 1063 3068; x_wconf 81' lang='lat' dir='ltr'>Caua</span> <span class='ocrx_word' id='word_1_196' title='bbox 1079 3016 1218 3067; x_wconf 72' lang='lat' dir='ltr'>Ptolemaeo.</span> <span class='ocrx_word' id='word_1_197' title='bbox 1232 3014 1297 3087; x_wconf 78' lang='lat' dir='ltr'>Lagi</span> <span class='ocrx_word' id='word_1_198' title='bbox 1316 3014 1346 3067; x_wconf 87' lang='lat' dir='ltr'>F.</span> <span class='ocrx_word' id='word_1_199' title='bbox 1362 3016 1408 3086; x_wconf 89' lang='lat' dir='ltr'>qui</span> 
     </span>
     <span class='ocr_line' id='line_1_26' title="bbox 345 3078 1406 3169; baseline -0.001 -22"><span class='ocrx_word' id='word_1_200' title='bbox 345 3106 394 3148; x_wconf 80' lang='lat' dir='ltr'>cta.</span> <span class='ocrx_word' id='word_1_201' title='bbox 402 3091 462 3158; x_wconf 91' lang='lat' dir='ltr'>(Sic</span> <span class='ocrx_word' id='word_1_202' title='bbox 476 3088 573 3169; x_wconf 70' lang='lat' dir='ltr'>quiue.)</span> <span class='ocrx_word' id='word_1_203' title='bbox 587 3078 663 3152; x_wconf 49' lang='grc' dir='ltr'>νοω.</span> <span class='ocrx_word' id='word_1_204' title='bbox 678 3100 779 3160; x_wconf 57' lang='lat' dir='ltr'>laurete</span> <span class='ocrx_word' id='word_1_205' title='bbox 792 3118 854 3153; x_wconf 81' lang='lat' dir='ltr'>nam</span> <span class='ocrx_word' id='word_1_206' title='bbox 898 3094 1003 3165; x_wconf 85' lang='lat' dir='ltr'>primus</span> <span class='ocrx_word' id='word_1_207' title='bbox 1031 3106 1091 3166; x_wconf 87' lang='lat' dir='ltr'>post</span> <span class='ocrx_word' id='word_1_208' title='bbox 1121 3092 1267 3149; x_wconf 79' lang='lat' dir='ltr'>Alexandri</span> <span class='ocrx_word' id='word_1_209' title='bbox 1304 3094 1406 3147; x_wconf 90' lang='lat' dir='ltr'>obitum</span> 
     </span>
     <span class='ocr_line' id='line_1_27' title="bbox 344 3172 1248 3247; baseline -0.001 -19"><span class='ocrx_word' id='word_1_210' title='bbox 344 3186 372 3228; x_wconf 84' lang='lat' dir='ltr'>et</span> <span class='ocrx_word' id='word_1_211' title='bbox 385 3174 508 3229; x_wconf 80' lang='lat' dir='ltr'>venditor</span> <span class='ocrx_word' id='word_1_212' title='bbox 518 3175 699 3230; x_wconf 55' lang='lat' dir='ltr'>maliciam.</span> <span class='ocrx_word' id='word_1_213' title='bbox 711 3178 855 3233; x_wconf 83' lang='lat' dir='ltr'>Suetonius</span> <span class='ocrx_word' id='word_1_214' title='bbox 898 3176 1043 3247; x_wconf 70' lang='lat' dir='ltr'>AEgyptnna</span> <span class='ocrx_word' id='word_1_215' title='bbox 1053 3172 1148 3227; x_wconf 86' lang='lat' dir='ltr'>tenuit.</span> <span class='ocrx_word' id='word_1_216' title='bbox 1157 3172 1248 3227; x_wconf 69' lang='lat' dir='ltr'>fluxo.</span> 
     </span>
    </p>

    <p class='ocr_par' dir='ltr' id='par_1_10' title="bbox 344 3252 1406 3326">
     <span class='ocr_line' id='line_1_28' title="bbox 344 3252 1406 3326; baseline -0.004 -17"><span class='ocrx_word' id='word_1_217' title='bbox 344 3254 428 3326; x_wconf 83' lang='lat' dir='ltr'>Calig.</span> <span class='ocrx_word' id='word_1_218' title='bbox 441 3274 544 3310; x_wconf 84' lang='lat' dir='ltr'>xxxvrrx</span> <span class='ocrx_word' id='word_1_219' title='bbox 562 3274 570 3308; x_wconf 76' lang='lat' dir='ltr'><em>z</em></span> <span class='ocrx_word' id='word_1_220' title='bbox 589 3256 743 3311; x_wconf 75' lang='lat' dir='ltr'>«Monitum</span> <span class='ocrx_word' id='word_1_221' title='bbox 760 3276 775 3309; x_wconf 86' lang='lat' dir='ltr'>a</span> <span class='ocrx_word' id='word_1_222' title='bbox 790 3258 854 3312; x_wconf 87' lang='lat' dir='ltr'>Caio</span> <span class='ocrx_word' id='word_1_223' title='bbox 941 3271 985 3308; x_wconf 84' lang='lat' dir='ltr'>ar.</span> <span class='ocrx_word' id='word_1_224' title='bbox 1000 3252 1087 3305; x_wconf 82' lang='lat' dir='ltr'>Plano.</span> <span class='ocrx_word' id='word_1_225' title='bbox 1095 3252 1155 3307; x_wconf 85' lang='lat' dir='ltr'>Vox</span> <span class='ocrx_word' id='word_1_226' title='bbox 1167 3252 1223 3307; x_wconf 78' lang='lat' dir='ltr'>baec</span> <span class='ocrx_word' id='word_1_227' title='bbox 1234 3253 1406 3324; x_wconf 83' lang='lat' dir='ltr'>impostorem</span> 
     </span>
    </p>

    <p class='ocr_par' dir='ltr' id='par_1_11' title="bbox 343 3332 1406 3405">
     <span class='ocr_line' id='line_1_29' title="bbox 343 3332 1406 3405; baseline -0.002 -20"><span class='ocrx_word' id='word_1_228' title='bbox 343 3335 856 3405; x_wconf 69' lang='lat' dir='ltr'>preconemmepraetariumvirumcre·</span> <span class='ocrx_word' id='word_1_229' title='bbox 898 3346 1012 3387; x_wconf 81' lang='lat' dir='ltr'>astumm</span> <span class='ocrx_word' id='word_1_230' title='bbox 1027 3332 1168 3403; x_wconf 81' lang='lat' dir='ltr'>significat,</span> <span class='ocrx_word' id='word_1_231' title='bbox 1183 3332 1230 3405; x_wconf 90' lang='lat' dir='ltr'>qui</span> <span class='ocrx_word' id='word_1_232' title='bbox 1247 3344 1331 3385; x_wconf 82' lang='lat' dir='ltr'>artem</span> <span class='ocrx_word' id='word_1_233' title='bbox 1346 3350 1406 3405; x_wconf 83' lang='lat' dir='ltr'>pro·</span> 
     </span>
    </p>

    <p class='ocr_par' dir='ltr' id='par_1_12' title="bbox 342 3411 1409 3489">
     <span class='ocr_line' id='line_1_30' title="bbox 342 3411 1409 3489; baseline -0.001 -25"><span class='ocrx_word' id='word_1_234' title='bbox 342 3412 395 3464; x_wconf 84' lang='lat' dir='ltr'>bro</span> <span class='ocrx_word' id='word_1_235' title='bbox 405 3413 498 3485; x_wconf 84' lang='lat' dir='ltr'>cepitis</span> <span class='ocrx_word' id='word_1_236' title='bbox 511 3426 587 3468; x_wconf 88' lang='lat' dir='ltr'>motu</span> <span class='ocrx_word' id='word_1_237' title='bbox 600 3428 707 3471; x_wconf 84' lang='lat' dir='ltr'>nantem</span> <span class='ocrx_word' id='word_1_238' title='bbox 718 3417 769 3469; x_wconf 84' lang='lat' dir='ltr'>sibi</span> <span class='ocrx_word' id='word_1_239' title='bbox 788 3435 854 3489; x_wconf 68' lang='lat' dir='ltr'>pro-</span> <span class='ocrx_word' id='word_1_240' title='bbox 898 3412 989 3466; x_wconf 79' lang='lat' dir='ltr'>fitetur</span> <span class='ocrx_word' id='word_1_241' title='bbox 1007 3411 1162 3483; x_wconf 77' lang='lat' dir='ltr'>imponendi</span> <span class='ocrx_word' id='word_1_242' title='bbox 1175 3412 1253 3467; x_wconf 88' lang='lat' dir='ltr'>etiam</span> <span class='ocrx_word' id='word_1_243' title='bbox 1271 3413 1409 3483; x_wconf 84' lang='lat' dir='ltr'>spectanti-</span> 
     </span>
    </p>

    <p class='ocr_par' dir='ltr' id='par_1_13' title="bbox 344 3489 1408 3563">
     <span class='ocr_line' id='line_1_31' title="bbox 344 3489 1408 3563; baseline 0 -20"><span class='ocrx_word' id='word_1_244' title='bbox 344 3489 508 3556; x_wconf 82' lang='lat' dir='ltr'>teriret,nee</span> <span class='ocrx_word' id='word_1_245' title='bbox 516 3492 614 3546; x_wconf 90' lang='lat' dir='ltr'>licendi</span> <span class='ocrx_word' id='word_1_246' title='bbox 625 3493 705 3548; x_wconf 86' lang='lat' dir='ltr'>finem</span> <span class='ocrx_word' id='word_1_247' title='bbox 714 3497 820 3553; x_wconf 80' lang='lat' dir='ltr'>factum.</span> <span class='ocrx_word' id='word_1_248' title='bbox 838 3520 850 3543; x_wconf 74' lang='grc' dir='ltr'><strong>ι</strong></span> <span class='ocrx_word' id='word_1_249' title='bbox 896 3492 956 3547; x_wconf 91' lang='lat' dir='ltr'>bus.</span> <span class='ocrx_word' id='word_1_250' title='bbox 979 3518 990 3539; x_wconf 78' lang='grc' dir='ltr'>ι</span> <span class='ocrx_word' id='word_1_251' title='bbox 1005 3491 1054 3546; x_wconf 85' lang='lat' dir='ltr'>llic</span> <span class='ocrx_word' id='word_1_252' title='bbox 1074 3491 1118 3543; x_wconf 89' lang='lat' dir='ltr'>ille</span> <span class='ocrx_word' id='word_1_253' title='bbox 1135 3491 1229 3563; x_wconf 88' lang='lat' dir='ltr'>planus</span> <span class='ocrx_word' id='word_1_254' title='bbox 1246 3490 1408 3561; x_wconf 85' lang='lat' dir='ltr'>improbissi-</span> 
     </span>
    </p>

    <p class='ocr_par' dir='ltr' id='par_1_14' title="bbox 257 3570 1408 3723">
     <span class='ocr_line' id='line_1_32' title="bbox 257 3570 1408 3646; baseline -0.004 -18"><span class='ocrx_word' id='word_1_255' title='bbox 257 3576 261 3585; x_wconf 87' lang='lat'><em>&#39;</em></span> <span class='ocrx_word' id='word_1_256' title='bbox 342 3570 481 3633; x_wconf 71' lang='lat' dir='ltr'>Martialis,</span> <span class='ocrx_word' id='word_1_257' title='bbox 495 3572 586 3625; x_wconf 87' lang='lat' dir='ltr'>lib.V1</span> <span class='ocrx_word' id='word_1_258' title='bbox 591 3611 599 3636; x_wconf 94' lang='lat'>,</span> <span class='ocrx_word' id='word_1_259' title='bbox 609 3574 680 3646; x_wconf 81' lang='lat' dir='ltr'>epig.</span> <span class='ocrx_word' id='word_1_260' title='bbox 689 3579 739 3629; x_wconf 83' lang='lat'>66:</span> <span class='ocrx_word' id='word_1_261' title='bbox 757 3602 768 3623; x_wconf 83' lang='grc' dir='ltr'>ι</span> <span class='ocrx_word' id='word_1_262' title='bbox 780 3576 853 3627; x_wconf 83' lang='lat' dir='ltr'>Ven-</span> <span class='ocrx_word' id='word_1_263' title='bbox 897 3588 964 3639; x_wconf 86' lang='lat' dir='ltr'>mus,</span> <span class='ocrx_word' id='word_1_264' title='bbox 974 3596 985 3616; x_wconf 83' lang='grc' dir='ltr'>ι</span> <span class='ocrx_word' id='word_1_265' title='bbox 995 3570 1081 3643; x_wconf 87' lang='lat' dir='ltr'>inquit</span> <span class='ocrx_word' id='word_1_266' title='bbox 1095 3571 1189 3625; x_wconf 89' lang='lat' dir='ltr'>Cicero</span> <span class='ocrx_word' id='word_1_267' title='bbox 1204 3589 1253 3641; x_wconf 89' lang='lat' dir='ltr'>pro</span> <span class='ocrx_word' id='word_1_268' title='bbox 1267 3570 1408 3635; x_wconf 89' lang='lat' dir='ltr'>Cluentio,</span> 
     </span>
     <span class='ocr_line' id='line_1_33' title="bbox 343 3647 1086 3723; baseline 0.003 -21"><span class='ocrx_word' id='word_1_269' title='bbox 343 3647 423 3704; x_wconf 87' lang='lat' dir='ltr'>debat</span> <span class='ocrx_word' id='word_1_270' title='bbox 429 3649 510 3703; x_wconf 86' lang='lat' dir='ltr'>modo</span> <span class='ocrx_word' id='word_1_271' title='bbox 520 3664 606 3723; x_wconf 73' lang='lat' dir='ltr'>praeco</span> <span class='ocrx_word' id='word_1_272' title='bbox 614 3652 758 3707; x_wconf 83' lang='lat' dir='ltr'>Gellianus.</span> <span class='ocrx_word' id='word_1_273' title='bbox 767 3655 852 3708; x_wconf 85' lang='lat' dir='ltr'>Parvo</span> <span class='ocrx_word' id='word_1_274' title='bbox 896 3670 923 3703; x_wconf 93' lang='lat' dir='ltr'>n.</span> <span class='ocrx_word' id='word_1_275' title='bbox 934 3670 982 3721; x_wconf 74' lang='lat'>7².</span> <span class='ocrx_word' id='word_1_276' title='bbox 994 3650 1086 3704; x_wconf 79' lang='lat' dir='ltr'>Hanu.</span> 
     </span>
    </p>

    <p class='ocr_par' dir='ltr' id='par_1_15' title="bbox 343 3728 1408 3801">
     <span class='ocr_line' id='line_1_34' title="bbox 343 3728 1408 3801; baseline 0.002 -20"><span class='ocrx_word' id='word_1_277' title='bbox 343 3747 424 3800; x_wconf 90' lang='lat' dir='ltr'>quum</span> <span class='ocrx_word' id='word_1_278' title='bbox 431 3731 517 3801; x_wconf 86' lang='lat' dir='ltr'>pretio</span> <span class='ocrx_word' id='word_1_279' title='bbox 529 3729 576 3783; x_wconf 86' lang='lat' dir='ltr'>diu</span> <span class='ocrx_word' id='word_1_280' title='bbox 587 3731 705 3785; x_wconf 68' lang='lat' dir='ltr'>liceret·</span> <span class='ocrx_word' id='word_1_281' title='bbox 715 3734 759 3786; x_wconf 87' lang='lat' dir='ltr'>Sic</span> <span class='ocrx_word' id='word_1_282' title='bbox 772 3734 853 3787; x_wconf 88' lang='lat' dir='ltr'>etiam</span> <span class='ocrx_word' id='word_1_283' title='bbox 939 3749 984 3783; x_wconf 79' lang='lat' dir='ltr'>aa.</span> <span class='ocrx_word' id='word_1_284' title='bbox 998 3730 1081 3801; x_wconf 71' lang='lat' dir='ltr'>Regis.</span> <span class='ocrx_word' id='word_1_285' title='bbox 1095 3728 1171 3782; x_wconf 83' lang='lat' dir='ltr'>Hanc</span> <span class='ocrx_word' id='word_1_286' title='bbox 1185 3748 1275 3782; x_wconf 79' lang='lat' dir='ltr'>vocem</span> <span class='ocrx_word' id='word_1_287' title='bbox 1288 3730 1361 3783; x_wconf 88' lang='lat' dir='ltr'>Brot.</span> <span class='ocrx_word' id='word_1_288' title='bbox 1375 3748 1408 3783; x_wconf 75' lang='lat' dir='ltr'>ea</span> 
     </span>
    </p>

    <p class='ocr_par' dir='ltr' id='par_1_16' title="bbox 224 3800 1408 3881">
     <span class='ocr_line' id='line_1_35' title="bbox 224 3800 1408 3881; baseline -0.002 -20"><span class='ocrx_word' id='word_1_289' title='bbox 224 3835 230 3848; x_wconf 86' lang='lat'><strong>·</strong></span> <span class='ocrx_word' id='word_1_290' title='bbox 343 3807 430 3861; x_wconf 86' lang='lat' dir='ltr'>codex</span> <span class='ocrx_word' id='word_1_291' title='bbox 445 3808 672 3864; x_wconf 78' lang='lat' dir='ltr'>Pintiani.Gxon.</span> <span class='ocrx_word' id='word_1_292' title='bbox 896 3804 971 3863; x_wconf 81' lang='lat' dir='ltr'>MSS.</span> <span class='ocrx_word' id='word_1_293' title='bbox 987 3800 1068 3881; x_wconf 74' lang='lat' dir='ltr'>lleg&#39;g.</span> <span class='ocrx_word' id='word_1_294' title='bbox 1093 3822 1120 3863; x_wconf 87' lang='lat' dir='ltr'>et</span> <span class='ocrx_word' id='word_1_295' title='bbox 1139 3806 1200 3863; x_wconf 88' lang='lat' dir='ltr'>edit.</span> <span class='ocrx_word' id='word_1_296' title='bbox 1224 3809 1310 3881; x_wconf 86' lang='lat' dir='ltr'>princ.</span> <span class='ocrx_word' id='word_1_297' title='bbox 1332 3810 1408 3860; x_wconf 83' lang='lat' dir='ltr'>omit·</span> 
     </span>
    </p>

    <p class='ocr_par' dir='ltr' id='par_1_17' title="bbox 386 3888 1002 3962">
     <span class='ocr_line' id='line_1_36' title="bbox 386 3888 1002 3962; baseline 0.003 -22"><span class='ocrx_word' id='word_1_298' title='bbox 386 3906 428 3961; x_wconf 65' lang='grc' dir='ltr'>ιχ.</span> <span class='ocrx_word' id='word_1_299' title='bbox 443 3890 481 3941; x_wconf 77' lang='lat' dir='ltr'>Aa</span> <span class='ocrx_word' id='word_1_300' title='bbox 495 3889 545 3941; x_wconf 70' lang='lat' dir='ltr'>itte.</span> <span class='ocrx_word' id='word_1_301' title='bbox 563 3889 681 3962; x_wconf 77' lang='lat' dir='ltr'>Apelles.</span> <span class='ocrx_word' id='word_1_302' title='bbox 694 3892 785 3945; x_wconf 76' lang='lat' dir='ltr'>Hann.</span> <span class='ocrx_word' id='word_1_303' title='bbox 897 3888 938 3941; x_wconf 90' lang='lat' dir='ltr'>tit.</span> <span class='ocrx_word' id='word_1_304' title='bbox 952 3890 1002 3942; x_wconf 83' lang='lat' dir='ltr'>En.</span> 
     </span>
    </p>

    <p class='ocr_par' dir='ltr' id='par_1_18' title="bbox 270 3967 1409 4039">
     <span class='ocr_line' id='line_1_37' title="bbox 270 3967 1409 4039; baseline 0 -23"><span class='ocrx_word' id='word_1_305' title='bbox 270 4007 275 4016; x_wconf 94' lang='lat'>.</span> <span class='ocrx_word' id='word_1_306' title='bbox 386 3967 430 4020; x_wconf 85' lang='lat'>18.</span> <span class='ocrx_word' id='word_1_307' title='bbox 447 3968 628 4039; x_wconf 72' lang='lat' dir='ltr'>Quinquagenis</span> <span class='ocrx_word' id='word_1_308' title='bbox 646 3968 749 4024; x_wconf 59' lang='lat' dir='ltr'>talantii.</span> <span class='ocrx_word' id='word_1_309' title='bbox 769 3971 856 4025; x_wconf 81' lang='lat' dir='ltr'>Attica·</span> <span class='ocrx_word' id='word_1_310' title='bbox 938 3971 985 4023; x_wconf 76' lang='lat'>23.</span> <span class='ocrx_word' id='word_1_311' title='bbox 1000 3968 1086 4021; x_wconf 72' lang='lat' dir='ltr'>Pt&#39;naer&#39;t</span> <span class='ocrx_word' id='word_1_312' title='bbox 1099 3980 1124 4020; x_wconf 84' lang='lat' dir='ltr'>et</span> <span class='ocrx_word' id='word_1_313' title='bbox 1140 3968 1261 4037; x_wconf 78' lang='lat' dir='ltr'>Antigoni</span> <span class='ocrx_word' id='word_1_314' title='bbox 1274 3969 1409 4037; x_wconf 73' lang='lat' dir='ltr'>regirima·</span> 
     </span>
    </p>

    <p class='ocr_par' dir='ltr' id='par_1_19' title="bbox 345 4045 1407 4120">
     <span class='ocr_line' id='line_1_38' title="bbox 345 4045 1407 4120; baseline 0.008 -23"><span class='ocrx_word' id='word_1_315' title='bbox 345 4045 443 4098; x_wconf 86' lang='lat' dir='ltr'>talenta</span> <span class='ocrx_word' id='word_1_316' title='bbox 460 4048 600 4119; x_wconf 77' lang='lat' dir='ltr'>intellige:</span> <span class='ocrx_word' id='word_1_317' title='bbox 618 4050 718 4120; x_wconf 80' lang='lat' dir='ltr'>gallicae</span> <span class='ocrx_word' id='word_1_318' title='bbox 739 4064 853 4107; x_wconf 72' lang='lat' dir='ltr'>moneta</span> <span class='ocrx_word' id='word_1_319' title='bbox 893 4051 983 4117; x_wconf 69' lang='lat' dir='ltr'>gisem·</span> <span class='ocrx_word' id='word_1_320' title='bbox 1007 4047 1119 4112; x_wconf 77' lang='lat' dir='ltr'>Quintil·</span> <span class='ocrx_word' id='word_1_321' title='bbox 1131 4048 1174 4111; x_wconf 80' lang='grc' dir='ltr'>Π,</span> <span class='ocrx_word' id='word_1_322' title='bbox 1187 4048 1239 4113; x_wconf 80' lang='lat'>13.</span> <span class='ocrx_word' id='word_1_323' title='bbox 1259 4064 1318 4119; x_wconf 69' lang='lat' dir='ltr'>pug-</span> <span class='ocrx_word' id='word_1_324' title='bbox 1335 4046 1407 4109; x_wconf 70' lang='lat'>145:</span> 
     </span>
    </p>

    <p class='ocr_par' dir='ltr' id='par_1_20' title="bbox 342 4124 1409 4202">
     <span class='ocr_line' id='line_1_39' title="bbox 342 4124 1409 4202; baseline -0.001 -24"><span class='ocrx_word' id='word_1_325' title='bbox 342 4124 423 4178; x_wconf 87' lang='lat' dir='ltr'>libras</span> <span class='ocrx_word' id='word_1_326' title='bbox 438 4124 569 4197; x_wconf 56' lang='lat' dir='ltr'>assasq.</span> <span class='ocrx_word' id='word_1_327' title='bbox 586 4128 637 4181; x_wconf 82' lang='lat' dir='ltr'>En.</span> <span class='ocrx_word' id='word_1_328' title='bbox 899 4154 910 4175; x_wconf 81' lang='grc' dir='ltr'>ι</span> <span class='ocrx_word' id='word_1_329' title='bbox 928 4127 1014 4181; x_wconf 83' lang='lat' dir='ltr'>Habet</span> <span class='ocrx_word' id='word_1_330' title='bbox 1037 4128 1064 4181; x_wconf 88' lang='lat' dir='ltr'>in</span> <span class='ocrx_word' id='word_1_331' title='bbox 1089 4129 1193 4199; x_wconf 82' lang='lat' dir='ltr'>pictura</span> <span class='ocrx_word' id='word_1_332' title='bbox 1213 4128 1329 4202; x_wconf 79' lang='lat' dir='ltr'>speciem</span> <span class='ocrx_word' id='word_1_333' title='bbox 1354 4137 1409 4178; x_wconf 81' lang='lat' dir='ltr'>tota</span> 
     </span>
    </p>
   </div>
   <div class='ocr_carea' id='block_1_4' title="bbox 0 0 1554 5125">
    <p class='ocr_par' dir='ltr' id='par_1_21' title="bbox 0 0 1554 5125">
     <span class='ocr_line' id='line_1_40' title="bbox 0 0 1554 5125; baseline 0 2"><span class='ocrx_word' id='word_1_334' title='bbox 0 0 1554 5125; x_wconf 95' lang='lat' dir='ltr'> </span> 
     </span>
    </p>
   </div>
  </div>
 </body>
</html>
