3100 5125
374 522 451 603 502.
554 564 557 569 ·
646 527 1168 601 C.PL1NIINAT.HIST.
1280 557 1282 562 ι

375 659 523 730 cucumis
545 659 662 728 semini
679 685 751 753 par.
771 664 851 730 Post
871 661 933 730 hos
953 659 1093 756 Cyprius
1110 674 1251 730 vocatur
1268 661 1302 730 in
1324 661 1447 754 Cypro

375 778 543 857 repertus,
560 789 700 859 vergens
719 769 753 835 in
773 769 909 837 aerium.
920 766 1065 836 colorem
1074 765 1109 853 ¹⁹,
1123 767 1181 836 scd
1195 769 1230 835 in
1252 766 1444 852 medicina,
1548 851 1549 870 Χ

375 884 414 936 ut
424 870 571 940 dicemus
577 872 615 960 ²⁰,
629 871 886 944 efficacissimus.
893 877 973 950 Post
985 873 1075 944 hunc
1086 874 1166 942 est¹¹
1180 872 1329 944 siderites
1341 873 1443 942 ferrei

341 940 576 1068 ⁴splendoris,
595 978 742 1071 pondere
766 995 843 1050 ante
863 995 1016 1064 caeteros,
1041 979 1100 1048 sed
1121 993 1239 1048 natura
1260 979 1440 1048 dissimilis.

334 1093 337 1101 “
373 1083 461 1152 Nam
486 1097 520 1152 ct
547 1084 666 1154 ictibus
695 1085 902 1182 frangitur²²,
925 1101 959 1156 et
988 1086 1051 1154 alio
1075 1085 1250 1154 adamante
1274 1085 1441 1180 perforari

372 1203 502 1281 potest:
516 1190 606 1283 quod
621 1205 655 1260 et
669 1194 792 1286 Cyprio
803 1196 934 1262 evenit:
950 1193 1178 1286 breviterque,
1194 1206 1232 1261 ut
1246 1192 1440 1287 degeneres,

372 1297 516 1364 nominis
542 1311 671 1366 tantum
698 1302 928 1369 auctoritatem
948 1299 1081 1368 habent.
1101 1298 1220 1391 quue,
1248 1297 1341 1392 quod
1361 1299 1441 1366 totis

373 1399 597 1471 voluminibus
627 1402 678 1472 his
704 1404 824 1475 docere
854 1420 888 1475 et
921 1405 1078 1475 mandare
1107 1405 1216 1474 conati
1245 1429 1376 1488 sumus,
1399 1403 1440 1472 de

373 1507 538 1577 discordia
565 1534 677 1578 rerum
706 1511 971 1606 concordiaque,
1006 1535 1107 1605 quam
1144 1510 1364 1604 antipathiam
1400 1533 1441 1579 ac

373 1614 591 1707 sympathiam
607 1614 815 1710 appellavere
828 1620 957 1699 Graeci,
973 1643 1042 1687 non
1055 1615 1149 1689 aliter
1168 1615 1290 1686 clarius
1303 1613 1439 1710 intelligi

372 1733 490 1814 potest.
507 1720 676 1815 Siquidem
692 1721 747 1791 illa
757 1725 880 1792 invicta
887 1713 1113 1793 vis²³duarum
1127 1719 1438 1791 violentissimarum

372 1840 499 1895 naturae
516 1851 648 1911 rerum,
669 1828 748 1898 ferri
765 1832 933 1924 ignisque,
950 1830 1189 1924 contemptrix,
1207 1829 1339 1898 hircino
1354 1853 1440 1896 rum·

371 2023 448 2077 ducit
459 2025 569 2078 senaria
583 2019 650 2077 sena
665 2027 807 2098 Philippis.
821 2053 833 2075 ι
847 2031 883 2080 At
927 2025 1017 2097 colligi
1038 2023 1178 2079 somniavit
1191 2046 1196 2075 :
1209 2041 1230 2072 ἰ
1242 2024 1380 2089 Quartus,
1399 2024 1440 2076 in·

371 2104 453 2167 uiso,
472 2122 558 2174 quum
574 2106 616 2158 bis
631 2107 772 2176 generibus
784 2109 882 2162 natales
927 2107 1000 2177 quit,
1016 2103 1044 2157 in
1067 2105 1180 2158 metallis
1199 2103 1318 2157 ferrariis
1337 2104 1439 2175 legitur,

371 2184 399 2235 iu
420 2202 485 2236 auro
501 2203 556 2237 esse
571 2186 673 2238 Plinius
683 2189 883 2258 praemonuerit.
926 2184 1047 2256 pondere
1060 2197 1169 2238 caeteros
1179 2181 1358 2249 antecedens,
1371 2196 1434 2236 etse·

273 2316 275 2319 .
372 2261 563 2323 SedSolinum
581 2266 882 2338 illetranscripsit,qui
926 2267 1020 2319 Hans.
1075 2267 1077 2274 '

299 2356 304 2367 ·
372 2354 497 2409 quartum
510 2344 632 2398 similiter
641 2364 723 2416 genus
736 2345 883 2401 adamantis
966 2340 1011 2398 so.
1022 2345 1056 2396 Ut
1066 2343 1178 2397 dieamus.
1187 2341 1243 2395 Sub
1253 2342 1336 2394 finem
1347 2361 1438 2413 nempe

372 2423 487 2478 metallis
510 2424 626 2478 semeriis
652 2425 801 2498 adjudicat,
828 2445 883 2480 non
926 2423 1120 2498 hujuscapitis.
1136 2424 1226 2476 Hsao.

372 2512 462 2557 tamen
480 2502 820 2579 Philippensibusr‘quum
837 2525 885 2560 ne·
932 2570 935 2576 Ι
971 2497 1436 2573 21.Purtlsuncsst.2ulnpisnr,uon

371 2599 424 2654 que
444 2584 472 2635 in
484 2583 560 2650 ullis,
576 2599 604 2639 ut
618 2605 681 2640 mox
696 2586 828 2651 dicemus,
842 2608 883 2642 re·
928 2584 1002 2658 quod
1013 2585 1041 2637 iu
1050 2583 1165 2637 ferrariis
1175 2582 1436 2646 metallisinvcnitnr,

370 2663 454 2732 periri
465 2666 554 2734 possit.
566 2667 656 2719 Hsnn.
929 2680 958 2720 ut
975 2664 1082 2719 Solinus
1099 2664 1253 2727 somniavit,
1262 2680 1285 2715 c.
1296 2679 1349 2725 ιιι,
1357 2680 1383 2731 p.
1393 2664 1436 2726 82,

416 2761 461 2812 ¹9·
482 2746 513 2797 In
533 2747 624 2798 aarum
642 2748 753 2801 coicum.
767 2748 819 2815 Vel
833 2766 883 2801 cu·
929 2744 974 2799 sed
994 2742 1068 2815 quod
1083 2754 1122 2796 est
1135 2744 1181 2795 ille
1193 2741 1391 2796 lerreicoloris.
1405 2740 1435 2793 ll.

371 2821 496 2887 culeum,
515 2825 558 2877 vel
579 2826 607 2877 in
623 2826 784 2880 translucido
803 2828 885 2899 liqui·
929 2856 968 2868 -·
984 2824 1099 2877 Sideriras
1118 2824 1195 2887 ferrei
1212 2822 1354 2891 splendoris.
1371 2819 1435 2873 Ads-

373 2898 447 2953 dum.
465 2904 507 2956 Ita
519 2904 590 2957 clare
603 2904 722 2959 Colbsrt.
737 2908 763 2959 3.
778 2908 811 2959 In
826 2908 884 2960 aliis
929 2923 985 2959 mas
1000 2904 1061 2966 ille,
1075 2905 1099 2954 le
1108 2902 1332 2955 dinmwrbleudm
1343 2920 1375 2951 ou
1387 2919 1437 2951 oos-

373 3000 469 3046 oersum,
483 2999 574 3036 errore
588 2986 699 3037 minime
713 2984 806 3038 dubio.
820 2986 885 3057 Epi·
929 2984 981 3037 leur
994 2985 1096 3037 d'urier.
1118 2982 1160 3036 Cl.
1180 2984 1277 3035 Bom
1296 2980 1361 3033 tales
1378 2978 1436 3032 ads·

372 3060 503 3130 phanias,
514 3062 548 3115 de
559 3066 686 3134 gemmis,
698 3084 758 3135 pag.
771 3067 826 3119 ²30
839 3084 846 3118 ε
861 3057 884 3119 ὁ
928 3077 1029 3117 mantes
1042 3062 1122 3123 vidit,
1135 3062 1182 3132 qui
1195 3082 1210 3115 a
1223 3072 1347 3131 magnete
1364 3072 1436 3113 sttrs·

371 3142 461 3201 λίθθςδ
480 3139 882 3214 ἆθᾶμιιςίμφιριῑςέςικατὰτὴι
927 3144 1063 3197 hereutnr.
1105 3142 1222 3212 Cyprius
1257 3158 1383 3212 quoque,
1407 3150 1437 3190 ut

372 3221 455 3289 χροιὰν
467 3229 503 3291 τῷ
513 3224 573 3293 ἀέρι.
587 3226 620 3277 Et
635 3244 664 3294 p.
684 3224 737 3277 231
756 3243 763 3277 ε
779 3208 813 3287 ὃς
827 3220 856 3281 lv
871 3229 882 3279 ὁ
929 3222 1001 3277 credi
1014 3235 1115 3295 potest,
1131 3221 1183 3273 luit
1198 3219 1329 3275 siderites.
1345 3220 1424 3270 liuor.

338 3337 342 3351 .
373 3295 489 3361 dnludslc
502 3298 619 3374 ἀδάμας,
629 3305 673 3361 τὴν
682 3303 765 3374 χροιὰν
775 3306 883 3375 depiles.
971 3323 1015 3357 as.
1030 3306 1095 3357 Nam
1106 3312 1130 3353 et
1139 3302 1224 3353 ictibus
1231 3302 1369 3368 frangitur.
1382 3298 1437 3349 Tot·

372 3377 431 3433 Hoc
442 3380 503 3432 loco
513 3384 645 3454 corruptis
654 3384 734 3436 Plinii
745 3383 884 3437 codicibus
928 3381 1000 3436 idem
1013 3382 1100 3436 verbis
1114 3381 1172 3434 buc
1186 3380 1310 3443 Solinus,
1330 3378 1391 3430 loco
1404 3376 1436 3429 ci·

374 3476 451 3512 usum
478 3461 601 3514 Solinum
621 3464 768 3535 intelliges,
789 3466 836 3535 qui
857 3476 884 3517 et
929 3474 992 3515 tato.
1014 3464 1105 3515 Hsno.
1121 3490 1162 3503 -
1179 3462 1217 3512 Et
1232 3460 1282 3511 alio
1300 3458 1434 3509 adamans.

374 3558 460 3591 umam
471 3540 553 3609 legit,
566 3554 593 3594 et
602 3561 701 3595 areum
716 3542 883 3597 adamantem
929 3540 1053 3605 Adamas,
1076 3540 1197 3593 omnium
1220 3552 1435 3609 corporumque

373 3632 611 3687 commeatuum,
637 3636 664 3677 et
689 3624 810 3693 Cyprum
835 3642 884 3693 pro
928 3616 1435 3685 novimus,durissimum,nonnisialio

373 3716 473 3769 cupro,
494 3700 548 3752 sive
565 3720 616 3771 pro
629 3722 680 3755 mre
697 3704 884 3772 interpretatus
928 3700 1110 3764 adamanteis
1120 3699 1225 3751 scobem
1237 3696 1355 3760 redacto,
1366 3694 1436 3757 cedi,

374 3780 558 3845 est.·Tertius,
568 3781 730 3852 inquit,csp.
740 3801 791 3842 urs,
801 3800 829 3852 p.
838 3785 884 3847 ss,
928 3780 1120 3851 perforatione
1133 3778 1213 3848 poliri
1228 3788 1324 3848 potest.
1339 3776 1392 3827 Eo.

373 3856 402 3909 in
414 3860 487 3912 venis
500 3862 578 3931 cupri
596 3874 705 3932 apparet
725 3861 835 3931 propior
850 3859 883 3914 ad
971 3860 1015 3915 23.
1031 3858 1152 3928 Siquidem
1164 3859 1206 3908 illa
1223 3860 1313 3909 invicto
1325 3858 1365 3907 vis
1378 3854 1435 3905 dss-

374 3953 467 3991 oercam
481 3939 584 3992 faciem.
597 3965 608 3988 ι
621 3941 793 4013 Similemque
804 3940 884 3993 alium
929 3960 980 3991 rum
996 3941 1220 3991 viobntr'ssr'marum
1234 3948 1330 3988 naturas
1350 3952 1435 3994 mrsu.
1548 3982 1549 3989 ,

373 4016 489 4071 subtexit
501 4038 630 4083 errorem,
640 4038 722 4091 quum
733 4039 793 4073 eum
804 4039 884 4091 quens
928 4022 978 4072 etc'.
994 4021 1056 4072 Huc
1069 4018 1177 4071 Solinus
1191 4015 1224 4069 sd
1242 4016 1369 4078 verbum,
1388 4015 1434 4065 loc.

373 4093 476 4150 Plinius
489 4098 614 4154 sideriten
629 4090 711 4164 dixit,
722 4098 796 4171 quod
806 4101 883 4153 ferrei
929 4100 973 4151 cit.
992 4112 1018 4152 et
1036 4096 1169 4161 Isidorus,
1193 4096 1267 4167 Orig.
1287 4094 1337 4147 lib.
1359 4092 1434 4153 XVI,

373 4179 408 4232 sit
417 4178 525 4244 coloris,
534 4178 590 4251 ipse
600 4181 628 4265 iq
639 4180 755 4235 lemriis
773 4180 890 4234 officinis
926 4196 984 4249 cap.
1000 4176 1044 4231 13.
1060 4177 1153 4230 lisso.
