3100 5125
501 572 656 640 Lmen
679 573 841 640 xxxv.
1136 572 1207 668 sn,

133 704 300 798 pigmenti
320 704 477 773 ferventis
494 729 631 788 mersa,
653 719 729 798 post
756 717 963 774 momentum
986 705 1206 774 extrahuntur

137 812 247 903 picta:
261 811 468 904 mirumque,
482 835 585 904 quum
600 811 643 879 sit
659 835 746 880 unus
762 811 939 880 incortinu
959 809 1065 898 colos,
1086 835 1132 879 ex·
1148 811 1205 880 illo

138 914 223 986 alius
249 931 349 1010 atque
373 915 456 986 nlius
480 917 519 984 lit
544 918 580 984 in
605 931 721 1004 veste,
750 917 941 1010 accipientis
972 916 1204 986 medicamenti

136 1020 298 1115 qualitate
318 1035 474 1092 mutatus.
500 1025 577 1093 Nec·
595 1037 709 1117 postea
731 1021 821 1091 ablui
843 1035 980 1117 potest:
1011 1023 1055 1092 ita
1077 1026 1204 1092 cortina

137 1152 207 1196 non
225 1126 325 1196 dubie
344 1128 523 1198 confirsurn
539 1127 687 1210 colores,
708 1130 735 1198 si
753 1129 859 1222 pictos
878 1129 1062 1222 acciperet,
1088 1128 1206 1224 digerit

136 1258 181 1302 ex
190 1258 258 1303 uno
265 1232 290 1319 ²,
304 1235 474 1329 pingitque
491 1233 571 1304 dum
582 1236 706 1329 coquit.
724 1237 769 1303 Et
780 1233 905 1304 adustae
919 1249 1025 1304 vestes
1042 1233 1205 1305 firmiores

24 1387 29 1396 ·
138 1339 238 1425 liunt,
259 1342 408 1434 quamsi
429 1366 497 1410 non
517 1355 702 1411 urerentur.

191 1447 318 1516 xL111.
350 1436 445 1538 (ιη.)
465 1450 517 1516 De
537 1448 667 1541 pictura
690 1448 767 1516 satis
790 1469 977 1542 superque:
998 1449 1205 1517 contexuisse
1227 1479 1237 1512 ι

136 1550 191 1620 his
203 1566 238 1622 et
257 1550 438 1647 plasticen¹
460 1541 645 1622 conveniet.
661 1552 818 1646 Ejusdem
837 1549 955 1648 opere²
970 1566 1065 1622 terrae
1081 1551 1205 1648 fingere

136 1681 180 1724 ex
194 1656 310 1750 argilla
327 1655 575 1742 similitudines,
593 1645 796 1728 Dibutades³
810 1660 981 1754 Sicyonius
1001 1657 1121 1753 figulus
1134 1662 1205 1753 pri·
1265 1646 1270 1656 ⁸

138 1786 212 1831 mus
228 1765 357 1849 inuenit
374 1765 545 1848 Corinthi,
561 1763 644 1849 ,filiae
666 1789 767 1860 opera
785 1789 793 1832 ε
810 1789 883 1860 quae
903 1777 1000 1858 capta
1021 1787 1136 1834 amore
1151 1766 1203 1860 ju

136 1870 250 1955 venis,
273 1867 330 1939 illo
351 1869 493 1939 abeunte
521 1896 676 1964 peregre,
703 1870 856 1940 umbram
882 1895 924 1942 ex
948 1869 1031 1940 facie
1058 1871 1129 1963 ejus
1162 1871 1205 1940 ud

138 1973 306 2044 lucemnm
335 1977 369 2042 in
396 1978 522 2070 pariete
546 1976 639 2045 lineis
660 1978 940 2069 circumscripsit:
964 1975 1083 2069 quibus
1110 1992 1204 2069 pater

136 2079 206 2172 ejus
221 2081 380 2176 impressa
398 2079 512 2176 argilla
526 2096 642 2176 typum
662 2082 758 2168 feeit,
770 2097 804 2151 et
818 2107 894 2152 curn
911 2083 1027 2150 ceteris
1047 2080 1202 2152 fictilibus

138 2185 329 2255 induratum
358 2188 425 2283 igni
455 2191 652 2282 proposuit:
676 2213 818 2282 eumque
845 2203 1012 2257 servatum
1038 2190 1072 2256 in
1100 2189 1203 2282 Nym·

139 2279 262 2385 phaeo⁴,
282 2293 390 2361 donec
408 2295 608 2362 Corinthum
629 2279 832 2363 Mummius⁵
853 2308 1032 2376 everteret,
1057 2294 1202 2362 tradunt.

138 2401 223 2466 Sunt
236 2400 292 2494 qui
306 2401 341 2466 in
352 2401 453 2468 Samo
462 2400 587 2498 primos
601 2401 750 2469 omnium
763 2399 923 2495 plasticen
934 2400 1097 2468 invenisse
1108 2391 1204 2469 Rhoe·
1223 2433 1236 2466 α

138 2619 251 2673 liorihus
270 2620 361 2685 libris,
382 2633 413 2674 ut
430 2640 504 2675 nunu
521 2622 647 2687 hahetur,
733 2640 757 2673 ι.
771 2621 888 2691 Ejusdem
912 2640 989 2691 opere.
1008 2619 1134 2689 Ejusdem
1151 2635 1203 2675 ter·

137 2699 264 2753 Gelenius
280 2702 401 2756 mutavit.
414 2703 480 2769 Qun
494 2702 567 2754 enirn
577 2722 649 2775 aqua
691 2717 836 2769 rue-opera,
855 2720 952 2771 exque
966 2712 1111 2753 nuscuntur
1129 2702 1203 2753 colo-

132 2780 251 2844 semnees
265 2792 365 2835 tuntum
383 2781 437 2835 vim
458 2780 579 2853 ungendi
600 2783 648 2835 hu·
690 2798 733 2834 ren
746 2777 780 2832 ud
799 2782 938 2851 picturum
955 2780 1051 2833 Hunni.
1067 2814 1107 2823 —
1123 2782 1203 2851 Opere

137 2859 220 2912 henr?
233 2860 309 2914 vore
329 2887 342 2909 ι
354 2860 383 2912 in
394 2861 524 2913 curtinum
538 2861 647 2932 pigmen
691 2872 771 2911 terrm
786 2860 818 2912 ln
832 2861 909 2915 MSS.
920 2862 1001 2932 Regg.
1014 2872 1041 2913 et
1055 2860 1099 2914 ed.
1111 2862 1195 2932 princ.

138 2950 168 2991 ut
182 2940 310 2993 [mentis
327 2958 423 2993 merse.
438 2966 450 2989 ι
464 2941 533 3005 Quo
546 2940 648 3011 signill-
691 2951 764 2992 urm.
779 2939 831 2993 Eo.

137 3032 200 3071 uuut
218 3018 283 3073 setis
296 3020 367 3073 clere
379 3020 525 3091 repositum
539 3038 555 3071 e
570 3020 648 3073 Gele-
731 3021 759 3074 3.
774 3020 916 3073 Dibutuder.
933 3020 959 3071 Is
971 3036 1004 3071 ex
1017 3020 1109 3089 argilla
1122 3021 1201 3091 finge·

136 3099 190 3150 uio.
206 3099 274 3151 Veh
292 3099 433 3153 illinamus
452 3098 647 3153 medicumento
689 3098 1007 3162 butsinrulucrueximiu‚
1020 3114 1202 3170 quiapropter

137 3178 252 3233 wionem
266 3180 407 3233 trahente:
422 3177 486 3233 dein
499 3190 647 3232 mutor
688 3178 797 3232 milicie
812 3179 965 3250 ingenium,
990 3178 1105 3249 artisque
1122 3179 1203 3232 solen

138 3256 362 3333 incortinu,sire
371 3258 473 3321 aheno,
487 3258 516 3311 in
526 3276 581 3328 quo
590 3277 647 3311 non
689 3258 769 3322 tium,
782 3258 842 3312 eliis
859 3258 940 3311 etium
956 3276 988 3310 ex
1004 3276 1069 3311 auro
1082 3258 1201 3313 conflatis
1268 3308 1278 3325 ,

137 3336 533 3410 equumen,oedpigrnentum
542 3337 645 3391 fervete
689 3337 1201 3410 anteponebantur.Cituthujusreiuu·
1232 3336 1249 3367 *
1341 3382 1343 3388 ,

138 3416 174 3467 ibi
193 3416 418 3470 medicamentum
435 3417 503 3471 illud
514 3418 579 3469 velis
593 3416 647 3469 illi·
689 3428 789 3470 ctorem
799 3415 1201 3481 Aristotelemdel’artmninul,

138 3496 297 3551 tum-sorbet
306 3497 470 3560 colorem,et
481 3495 589 3567 quidem
602 3516 647 3549 vu·
692 3495 719 3558 5,
732 3496 874 3558 lliolunus,
887 3497 1020 3566 ennmp.
1033 3499 1062 3561 1,
1073 3516 1100 3568 p.
1116 3499 1144 3561 3,
1155 3497 1200 3551 sed

138 3574 220 3638 dum,
232 3594 267 3629 ex
278 3577 416 3647 pigmento
428 3576 490 3631 linet
504 3576 584 3629 nnius
600 3594 647 3629 co·
689 3575 772 3629 fuleo:
787 3594 848 3629 num
860 3575 895 3627 de
906 3575 1043 3628 Dihutude
1054 3574 1127 3646 apud
1136 3578 1200 3629 Phi·

138 3654 313 3709 lomense.
689 3654 845 3725 losophum,
867 3656 887 3707 si
911 3655 980 3708 bene
1001 3656 1126 3719 memini,
1146 3654 1201 3709 'nec

178 3753 203 3787 π.
220 3736 320 3804 Digerr't
333 3756 364 3787 ee
383 3754 439 3789 unu.
460 3736 563 3788 hiulton
584 3735 648 3788 lecit
690 3735 764 3799 volu,
779 3735 819 3789 uti
832 3735 922 3798 ciunt,
936 3754 987 3788 uec
1003 3734 1141 3811 vestigium
1152 3748 1199 3791 eet.

137 3814 239 3870 colores
251 3815 280 3867 in
293 3815 370 3881 velis,
383 3816 445 3869 licet
455 3815 564 3870 unicum
576 3815 605 3867 in
617 3832 647 3868 ee
689 3814 784 3869 lieno.

137 3893 278 3947 continent.
291 3894 382 3948 Hono.
730 3901 756 3957 4.
776 3892 899 3947 Seruatum
918 3898 944 3945 in
966 3893 1107 3964 Nymphon.
1128 3898 1200 3964 Nup-

174 3972 275 4027 xum
292 3992 316 4028 r.
328 3975 460 4028 Plestieen.
471 3974 585 4034 Πλιςυιὴ
595 3973 647 4026 Pli·
689 3977 758 4043 peine
770 3973 861 4025 lunum
870 3984 925 4036 est,
935 3970 1110 4025 delubrumve
1120 3972 1201 4045 Nym-

138 4052 182 4103 nio
190 4053 383 4124 Vitruvioque,
394 4053 482 4107 licuix
499 4071 541 4107 ure
558 4071 591 4106 ex
603 4072 646 4106 ur-
690 4054 813 4125 pharum.
823 4053 914 4106 Hinu.

137 4131 198 4201 gille
208 4133 251 4186 vel
263 4146 451 4193 cremnorum
461 4131 648 4189 similitudines
732 4135 757 4185 5.
779 4132 916 4184 Mummius.
936 4134 1015 4184 Anno
1033 4132 1116 4185 Urbis
1130 4136 1202 4196 608,

139 4212 295 4283 exprimens.
305 4213 397 4268 flius.
692 4224 723 4265 ut
735 4209 839 4265 dietum
851 4224 889 4264 eet
909 4210 957 4265 lib.
972 4212 1104 4275 mlv,
1118 4211 1143 4265 3.
1157 4212 1191 4266 ll.

1020 4306 1082 4379 25³
