3100 5125
349 514 418 588 508
611 517 648 583 (L
671 511 837 583 PLINII
864 513 969 581 ΝΑΤ.
996 513 1124 581 HIST.

347 635 532 732 diximus⁴⁹,
551 632 655 717 imae⁵⁰
670 645 1025 741 duodequadragenum
1048 644 1179 738 pedum.
1204 645 1303 740 Signa
1320 671 1401 716 aerea

346 757 432 822 inter
448 753 636 834 columnas,
651 766 688 819 ut
705 737 964 838 indicavimus⁵¹,
985 751 1119 819 fuerunt
1139 751 1201 818 tria
1218 751 1320 819 millia
1342 778 1401 821 nu-

298 888 327 922 12
346 884 448 928 mero.
454 863 563 928 Cavea
576 859 644 951 ipsa
660 857 748 951 cepit
761 858 932 925 hominum
949 882 1046 926 cxxx
1060 854 1177 924 millia:
1191 881 1292 950 quum
1305 860 1402 925 Pom·

190 949 195 958 ⁴
345 965 455 1059 peiani
476 949 626 1033 theatri⁵²
639 964 735 1032 toties
749 961 965 1056 multiplicata
978 963 1088 1049 Urbe,
1105 975 1261 1056 tantoque
1279 964 1401 1057 majore

346 1068 489 1164 populo,
508 1069 650 1138 sufficiat
670 1067 760 1163 large
780 1069 993 1163 quadraginta
1015 1066 1160 1136 millibus
1168 1054 1203 1136 ⁵³.
1220 1068 1283 1136 Sed
1300 1083 1335 1137 et
1351 1095 1403 1138 re·

347 1174 456 1269 liquus
481 1189 678 1269 apparatus,
706 1188 818 1243 tantus
844 1173 983 1242 Attalica
1009 1187 1118 1259 veste,
1148 1171 1267 1242 tabulis
1289 1176 1401 1268 pictis,

348 1295 531 1374 ceteroque
544 1265 731 1376 choragi0⁵⁴
743 1279 821 1364 suit,
839 1281 919 1347 utin
934 1278 1154 1350 Tusculanam
1166 1278 1276 1347 villam
1295 1305 1401 1374 repor-

345 1457 491 1529 dragennm
502 1457 603 1529 pedum
613 1455 732 1510 Lucullei
742 1474 855 1510 marmo-
896 1474 970 1510 vearn
991 1455 1071 1510 inisse
1082 1455 1208 1521 indicat,
1229 1474 1309 1528 mum
1331 1456 1405 1509 Scau·

346 1539 383 1590 ris
408 1539 436 1589 in
461 1539 528 1590 atrio
552 1536 643 1590 Scauri
673 1535 815 1600 collocari,
839 1561 850 1583 ι
896 1535 980 1599 riani,
1008 1535 1057 1588 etsi
1088 1537 1189 1606 majore
1219 1549 1275 1589 turn
1307 1535 1404 1588 civium

347 1617 482 1669 translatas
492 1635 506 1668 e
518 1634 595 1668 scena
609 1615 715 1668 scilicet.
733 1615 855 1685 Denique
897 1632 1022 1679 numero,
1038 1633 1116 1685 quarn
1132 1632 1188 1667 aevo
1201 1613 1292 1666 Scauri
1309 1613 1403 1667 luisset.

346 1714 429 1765 quum
440 1714 516 1748 scena
526 1693 622 1764 triplex
635 1693 776 1759 exstiterit,
790 1694 855 1746 ima·
897 1692 989 1747 -Sic
1003 1693 1114 1747 totidem
1133 1693 1211 1764 plane
1228 1693 1338 1759 litteris,
1352 1693 1404 1764 api·

347 1792 399 1845 que
407 1775 531 1827 dicature
542 1789 688 1837 marmore,
697 1790 713 1824 e
722 1771 792 1824 vitro
803 1789 857 1824 me·
897 1772 1024 1843 cibusque
1036 1773 1131 1844 Regius
1143 1794 1158 1826 a
1172 1771 1271 1837 codex,
1281 1791 1364 1843 quum
1377 1773 1404 1824 iu

346 1850 390 1906 dia
395 1871 469 1925 ‚quae
478 1871 586 1906 summae
595 1851 703 1903 materia
713 1850 856 1916 luerit,cur
898 1852 972 1904 libris
986 1851 1101 1905 adhunc
1115 1851 1185 1905 diem
1197 1851 1288 1916 editis,
1300 1853 1406 1922 Pompeii

347 1951 402 1985 uon
417 1933 487 1985 illico
502 1931 640 2001 aperitur?
654 1930 746 1983 Haan.
899 1932 1080 2001 amphitheatri,
1095 1944 1120 1984 et
1138 1951 1212 1996 mox,
1227 1931 1405 2003 quadringentis

390 2019 435 2082 49.
451 2011 485 2064 Ut
496 2011 607 2062 diximus.
623 2009 688 2078 Cap.
704 2028 730 2060 a.
743 2008 835 2062 Hann.
899 2011 1002 2062 millibus
1024 2009 1140 2080 legatur,
1162 2011 1268 2081 gemino
1293 2027 1404 2062 errore:

389 2091 432 2144 50.
453 2092 519 2142 Ima.
535 2089 602 2153 Quat
622 2101 649 2141 et
667 2089 804 2152 maximae,
826 2100 857 2140 ut
899 2090 1407 2161 nam,utaposterioreincipiam,quum

348 2171 437 2241 operis
451 2181 478 2221 et
490 2169 669 2222 architectura
685 2168 753 2220 ratio
768 2179 858 2238 postu·
899 2169 924 2222 ei
935 2169 1074 2221 consilium
1083 2168 1116 2220 sit
1126 2169 1327 2239 amplitudinem
1339 2169 1407 2221 thea-

348 2249 392 2302 lat.
407 2249 497 2302 narn.
900 2249 948 2312 tri,
971 2247 1044 2318 quod
1068 2247 1180 2300 Scaurus
1207 2247 1307 2310 edidit,
1337 2259 1406 2300 tauta

390 2327 436 2381 ⁵1.
454 2327 623 2379 Indicavimus.
643 2325 703 2377 Lib.
726 2325 856 2391 xxxw,
900 2329 1027 2398 majorem
1050 2325 1206 2391 ostendere,
1228 2345 1308 2397 quarn
1332 2325 1407 2378 fuerit

349 2425 407 2478 cap.
422 2425 466 2477 17.
478 2407 569 2459 Haao.
900 2405 1033 2477 Pompeii,
1047 2407 1095 2459 etsi
1111 2407 1285 2476 multiplicata
1298 2423 1406 2458 numero

391 2485 437 2539 5².
453 2485 631 2555 Ampiutircatri
646 2473 694 2552 (sic
704 2479 859 2553 priua).Ta·
900 2485 998 2537 civium
1014 2485 1106 2538 Urbe:
1121 2504 1176 2537 nou
1190 2485 1274 2556 potuit
1284 2483 1408 2555 quadrin-

349 2565 431 2629 citus,
449 2566 497 2618 lib.
517 2565 595 2626 xlv,
617 2562 747 2617 theatrm
769 2562 855 2617 dicit:
901 2578 977 2636 genta
992 2566 1073 2617 millia
1091 2566 1283 2636 Pompeianum
1303 2582 1408 2636 capere,

354 2646 499 2717 «Quippe,
518 2644 620 2715 inquit,
642 2655 727 2706 eraut,
744 2644 790 2712 qui
807 2644 858 2697 Cn.
901 2646 922 2697 si
942 2644 991 2696 tuit
1011 2644 1077 2697 iliud
1092 2645 1202 2697 alterum
1221 2664 1291 2696 nxxx
1309 2656 1407 2696 tanturn

350 2743 455 2794 quoque
465 2719 623 2793 Pompeium
633 2721 781 2774 incusatum
795 2740 859 2774 ase-
902 2723 1014 2775 millium
1035 2742 1125 2795 capax.
1141 2722 1222 2788 Quod
1244 2722 1278 2775 ad
1301 2723 1407 2775 alterum

350 2802 470 2855 uiorihus
489 2803 603 2861 ferrent,
618 2800 690 2871 quod
709 2819 858 2855 mansuram
901 2803 1014 2867 attinet,
1040 2801 1195 2873 Pompeiani
1219 2815 1289 2855 certe
1318 2800 1407 2853 theatri

350 2883 445 2935 theatri
456 2880 545 2935 sedem
555 2880 691 2951 posuisset.
706 2877 731 2931 N
733 2898 774 2933 am
784 2892 860 2933 antea
902 2876 984 2953 (quod
994 2894 1019 2934 et
1026 2901 1056 2935 ex
1066 2902 1114 2935 suo
1124 2882 1267 2952 exemplari
1276 2880 1408 2933 Pintiauus

350 2962 483 3014 subitariis
504 2958 642 3030 gradibus,
668 2970 695 3011 et
720 2976 797 3012 scena
825 2958 859 3011 ad
902 2960 969 3012 vidit
992 2962 1071 3013 scribi
1096 2961 1147 3013 hoc
1168 2961 1228 3013 ioco
1249 2950 1407 3029 oportere),

351 3054 454 3110 tempus
464 3052 559 3092 structa
570 3036 647 3091 ludos
658 3036 701 3090 edi
712 3039 809 3103 solitos,
818 3040 860 3091 vel
903 3040 1045 3093 meminere
1070 3058 1161 3092 omnes
1179 3057 1186 3092 :
1208 3037 1407 3109 amphitheatri,

351 3118 373 3170 si
396 3121 538 3172 vetustiora
563 3130 726 3187 repetantur,
747 3129 859 3171 stantem
902 3119 1134 3185 nemo.P.Victor,
1143 3118 1170 3170 in
1180 3117 1305 3188 descript.
1313 3120 1409 3181 nome,

351 3199 482 3269 populum
498 3197 661 3268 spectavisse.
680 3222 691 3241 ·
712 3195 860 3249 Theatrum
904 3199 1011 3268 regione
1032 3210 1136 3262 ocmva,
1152 3199 1282 3261 Theatrum
1296 3198 1408 3267 Pompeii.

351 3289 501 3341 certe,non
510 3274 751 3347 amphitheatrum,
763 3276 860 3328 molem
903 3277 1026 3341 Tacitus,
1040 3277 1085 3330 lib.
1102 3271 1168 3329 XIV
1182 3278 1274 3330 Annal.
1289 3271 1340 3337 (ci.
1355 3286 1406 3327 not.

352 3354 862 3427 gradihusmansurisperpetuam,Pom-
903 3346 1197 3427 superior.)Theatrum
1208 3354 1347 3427 hemicycli
1356 3372 1409 3424 spe·

353 3435 443 3506 peium
472 3434 625 3499 aedificasse,
652 3447 679 3485 et
707 3432 862 3486 exlaihendis
903 3435 943 3487 cie
954 3447 1132 3487 constructum
1144 3436 1211 3487 tuit:
1225 3433 1409 3507 amphitheatri

352 3514 506 3585 spectaculis
524 3513 640 3583 primum
654 3512 763 3574 dicasse,
775 3531 805 3566 ac
820 3512 861 3565 id·
904 3514 988 3566 forma
1004 3513 1134 3578 rotunda,
1144 3527 1170 3567 et
1179 3515 1257 3568 veluti
1269 3534 1300 3566 ex
1312 3510 1411 3567 duobus

352 3593 425 3647 circo
450 3593 641 3663 reprehensum
660 3604 861 3663 accusatumque
905 3604 1025 3646 constans
1038 3594 1163 3647 theatris:
1179 3592 1290 3647 undeet
1304 3610 1409 3647 nomeu.

354 3673 433 3725 fuisse
452 3685 560 3724 narrant
579 3672 734 3724 Plutarchus
755 3672 782 3722 in
806 3672 862 3741 eiua
905 3672 994 3725 Hanu.
1540 3712 1541 3723 ,

353 3754 420 3817 vita,
440 3752 549 3821 Dionys.
573 3750 631 3803 Hal.
655 3751 702 3802 lib.
726 3750 860 3813 xxxix,
947 3750 991 3813 54.
1015 3751 1145 3821 Choragia.
1166 3752 1305 3823 Apparatu
1320 3767 1409 3803 scena.
1540 3786 1541 3825 i

353 3829 861 3894 Marcellinuslib.XVI3Tertullianus
904 3831 1024 3902 cha‘pas
1052 3831 1182 3883 scenicum
1210 3830 1409 3883 instrumentum
1540 3830 1541 3869 ἶ

353 3910 401 3962 lib.
413 3909 445 3962 de
457 3908 671 3981 Spectaculis,ut
681 3908 724 3959 hic
735 3907 862 3961 ruendum
905 3922 1015 3975 vocant,
1037 3928 1090 3979 quo
1116 3928 1191 3963 scena
1214 3908 1361 3971 instruitur,
1386 3917 1410 3957 et

355 3986 860 4059 subesseconjectariliceat.Gu1ur.snn.
906 4000 1054 4058 apparatur.
1083 3990 1185 4043 Dicitur
1214 3988 1293 4040 etiam
1321 3986 1410 4038 chora·

397 4066 442 4119 53.
458 4068 628 4137 Quadraginta
643 4066 755 4118 millibus.
773 4066 863 4120 Mino·
904 4066 976 4137 gium
990 4067 1103 4133 funeris,
1115 4088 1164 4141 pro
1183 4066 1287 4120 funebri
1303 4082 1409 4135 appam-
1540 4126 1541 4145 χ

356 4162 411 4197 retu
425 4143 537 4197 dimidio
550 4146 703 4217 Pompeiani
715 4146 811 4199 theatri
822 4164 862 4199 ca·
907 4158 945 4199 tu.
961 4146 1050 4199 flauo.

1540 4920 1541 4953 i

1540 4986 1541 5013 i

1540 5039 1541 5072 i
