3100 5125
268 518 331 586 DE
354 518 455 585 AERE
479 519 538 585 ΕΤ
561 518 665 586 EJUS
690 519 1019 590 RECREMENTIS.
1109 519 1178 616 259

113 637 211 690 iterum
220 636 332 701 tondit,
341 636 489 709 iterumque
498 635 627 708 liquatum
638 647 664 690 et
673 655 709 690 ars
718 638 823 708 nigrum
834 639 932 710 praebet
940 655 948 690 ε
957 637 1052 692 deinde
1060 641 1179 694 torrendi

114 723 184 776 vices
199 722 297 776 iterum
308 737 370 776 octo
380 723 501 777 sustinet.
514 724 590 777 Tunc
600 722 708 794 quidem
720 744 755 777 tes
764 725 799 779 ah
812 725 885 778 omni
898 725 1025 797 sulphure
1037 739 1178 798 purgatum

111 823 167 876 αις
175 809 223 863 sed
237 823 375 882 argentum
384 811 515 876 continet,
525 811 598 881 quod
608 810 646 864 sic
654 813 805 864 extrahitur.

146 899 378 971 AEriargentilero
394 909 508 970 quatuor
522 899 628 952 circiter
643 899 747 971 plumbi
758 914 845 970 partes
855 898 1043 966 admiscentur,
1055 901 1114 974 plur
1129 902 1180 956 mi-

114 1005 209 1048 nuare,
221 998 299 1059 prout
312 987 451 1059 plumbum
462 987 535 1060 qnod
547 987 690 1042 adhibetur
700 990 794 1061 purius
802 1003 852 1052 est,
861 990 902 1043 rel
912 992 1012 1062 argenti
1022 992 1103 1045 lerna.
1115 992 1178 1046 llaec

114 1075 217 1128 menso
225 1076 314 1129 calore
323 1075 401 1128 simul
414 1076 560 1148 liquantur,
576 1089 602 1128 et
612 1076 640 1128 in
654 1077 752 1130 formas
769 1077 946 1131 effunduntur
958 1078 992 1132 nd
1004 1097 1084 1150 panea
1094 1079 1179 1133 confi-

114 1161 232 1217 ciendos.
244 1161 330 1216 Panes
344 1163 471 1216 metallici
485 1164 511 1216 in
522 1164 631 1216 intusne
643 1165 801 1235 separatoria
811 1164 916 1218 duobus
928 1165 1060 1236 lapidibus
1067 1165 1181 1220 dimidio

112 1244 196 1316 digito
209 1263 226 1297 a
243 1264 273 1298 se
286 1245 398 1298 invicem
414 1247 541 1317 rejunctis
554 1247 740 1317 imponuntur,
757 1258 782 1299 et
796 1247 1005 1319 superimpositis
1019 1249 1181 1302 carbonibus

112 1333 175 1404 ique
184 1331 312 1387 mediocri
324 1332 491 1398 crudelium
505 1334 542 1387 ita
555 1346 585 1387 nt
594 1334 734 1406 plumbum
748 1349 858 1408 argento
868 1337 1046 1390 coneceistum
1056 1337 1181 1410 collique·

114 1431 166 1485 tur,
174 1432 200 1472 et
210 1440 244 1473 ex
255 1439 308 1473 tre
319 1420 346 1471 in
356 1420 470 1473 catinum
482 1421 630 1492 subjectum
641 1419 753 1484 defluat,
768 1441 819 1474 asse
831 1433 932 1475 tantum
944 1423 971 1475 in
980 1424 1088 1479 iornuce
1099 1443 1183 1478 rems·

114 1521 207 1570 nente,
217 1526 276 1561 uon
287 1508 400 1578 liquato,
419 1506 465 1560 sed
482 1507 652 1578 spongiosam
665 1527 775 1562 massam
786 1509 924 1564 referente.
937 1514 1014 1564 AErea
1028 1511 1083 1565 hsec
1095 1529 1179 1566 massa

113 1605 220 1667 urgento
232 1612 339 1657 careus,
349 1612 383 1647 aes
396 1612 498 1664 pauper
511 1592 624 1646 dicitur:
640 1606 667 1647 et
682 1596 841 1667 excoquitur
854 1614 885 1651 ac
899 1595 1030 1664 funditur,
1046 1595 1132 1651 donec
1146 1617 1182 1652 trs

114 1685 263 1739 melleahile
273 1721 281 1747 ,
295 1695 324 1737 et
334 1683 427 1738 uaihna
437 1695 531 1754 aptum
541 1683 598 1736 ilat.

146 1770 204 1824 linc
212 1772 242 1823 in
254 1771 348 1824 ultimo
356 1772 446 1824 lshcre
456 1772 548 1824 scorise
557 1771 677 1842 quedam
685 1773 771 1826 instar
780 1773 929 1848 Lithsrgyri
938 1795 966 1828 se
977 1775 1106 1847 produnt.
1113 1795 1179 1842 tere,

113 1870 235 1930 argento,
246 1858 412 1930 plumboque
419 1857 548 1929 gravida
560 1876 619 1929 qnss
630 1855 746 1922 deinde,
759 1859 875 1914 admitto
883 1861 1052 1934 lithargyro,
1062 1863 1183 1917 fundnn·
1273 1899 1276 1904 ,

115 1947 199 2000 turad
207 1945 381 2000 metallorum
392 1946 584 2017 separetionetn
594 1946 796 2018 perficiendam.

148 2038 193 2088 Es
211 2047 322 2106 propter
340 2051 471 2086 summam
490 2032 664 2087 ductilitatem
683 2046 709 2088 et
725 2035 842 2090 nitorem
856 2037 1043 2110 frequentioris
1060 2051 1099 2092 est
1119 2059 1183 2095 usus

115 2122 261 2177 domestici.
271 2124 375 2174 Verum
385 2120 418 2173 ad
428 2139 507 2173 usum
519 2120 652 2174 medicum
666 2121 799 2177 rarissime
808 2123 1057 2189 adhibetur‚‘saltem
1070 2126 1182 2182 interne.

115 2211 199 2264 llocee
212 2208 287 2262 enim
301 2209 439 2262 metallum
455 2208 524 2261 inter
535 2226 633 2260 venenu
645 2224 805 2276 recensetur,
819 2212 965 2282 presertim
976 2232 1073 2285 erugo.
1086 2214 1182 2268 Ednlis

116 2300 198 2362 enim,
219 2297 262 2351 vel
282 2296 363 2350 etiam
384 2315 451 2367 aqna
469 2292 623 2367 aliquandiu
643 2297 671 2348 iu
690 2297 794 2369 cupreis
813 2298 883 2352 vasis
900 2311 1015 2363 servata,
1035 2301 1182 2355 admodum

114 2387 190 2440 unxia
202 2384 324 2439 evadunt.
334 2383 485 2436 ventriculi
494 2395 520 2435 et
529 2383 715 2436 intestinorum
728 2383 834 2437 dolores
846 2398 871 2438 et
884 2386 999 2439 tormina
1007 2426 1016 2451 ‚
1024 2388 1181 2442 vomitiones

113 2491 244 2536 enormes,
253 2473 404 2542 frequentes
414 2482 439 2522 et
449 2469 539 2521 insnes
548 2468 690 2542 deJiciendi
699 2470 1009 2532 conatus,intestinorum
1020 2474 1178 2529 exhulcers·

114 2564 212 2625 ticon,
235 2559 370 2614 interdum
388 2557 523 2611 anhelitus
543 2555 742 2622 difficultatem,
761 2572 786 2612 et
805 2559 982 2631 spasmodicas
1000 2564 1179 2619 membrorum

114 2650 325 2711 contractiones,
338 2666 369 2701 ac
381 2646 456 2699 triste
466 2644 577 2710 lethum,
585 2664 636 2717 pro
645 2645 740 2718 majori
747 2645 790 2699 rel
800 2646 896 2699 minori
904 2648 983 2721 hujus
993 2651 1085 2703 veneni
1093 2670 1179 2723 quan-

114 2740 183 2793 titate
190 2779 198 2801 ,
205 2736 370 2810 producunt.

146 2825 290 2889 Chalcitia,
305 2823 373 2896 misy
386 2836 413 2877 et
424 2842 487 2895 rory
498 2840 607 2895 corpora
618 2822 714 2877 fossilis
725 2834 786 2876 sunt
796 2822 865 2877 inter
880 2843 907 2877 ss
918 2824 1019 2899 origine
1033 2840 1060 2880 et
1077 2826 1178 2881 ritihus

114 2912 346 2987 conjunctissima,
355 2929 414 2984 qua
425 2910 590 2981 potissimum
602 2911 631 2962 in
641 2910 748 2982 Cypriis
760 2910 904 2966 erilodinie
917 2912 944 2965 in
959 2914 1091 2968 montibus
1103 2915 1179 2969 Solo-

115 3021 170 3055 rtun
181 3000 393 3072 reperiebanlur.
409 2998 540 3061 Galenus,
555 2998 600 3050 lih.
617 3001 648 3049 ds
659 3001 807 3067 Simplicium
825 3002 1058 3053 Medicamentum
1063 3004 1178 3071 santelm-

115 3093 188 3151 ntus,
199 3099 292 3142 narrat
306 3105 334 3139 se
346 3084 389 3139 his
400 3086 431 3139 in
441 3085 537 3139 rodinis
551 3085 649 3139 vidisse
664 3086 790 3159 quasdam
808 3088 837 3139 in
853 3088 1031 3160 longissimum
1043 3103 1178 3163 porrectas

115 3176 195 3232 veluti
210 3194 309 3238 conss,
323 3174 388 3227 alins
405 3193 483 3246 anper
500 3174 564 3227 alies
576 3192 689 3227 numero
708 3188 761 3229 tres
777 3194 909 3248 :quarum
923 3177 1013 3229 inlima
1027 3189 1085 3229 erat
1096 3179 1178 3249 ipsius

95 3310 99 3316 ,
114 3283 222 3338 myos,
231 3281 402 3335 superquam
415 3262 497 3315 altera
506 3276 564 3315 erat
573 3261 863 3336 chalciteos‚ruprems
872 3264 979 3337 misyos.

146 3354 275 3405 Prreterea
287 3350 359 3405 idem
369 3349 487 3403 Galenus
499 3354 619 3405 obserant
628 3349 751 3403 chalcitin
761 3369 810 3421 per
822 3364 924 3422 tempus
932 3352 960 3404 in
973 3352 1040 3425 misy
1050 3364 1180 3407 transmu-

115 3440 172 3493 tari.
188 3440 315 3492 Fructum
327 3437 397 3491 enim
413 3437 574 3500 chalcitim,
584 3436 657 3509 qnod
670 3436 727 3509 ipse
740 3437 768 3489 in
786 3438 890 3510 Cypriis
906 3438 1006 3493 fodinis
1019 3441 1178 3513 collegerat,

116 3525 374 3599 postennoscirciter
384 3524 488 3595 triginta
499 3524 526 3575 in
537 3524 605 3596 misy
614 3523 702 3597 quoad
712 3524 840 3577 extimam
848 3526 1014 3597 superficiem
1024 3546 1179 3583 conversum

115 3612 223 3681 reperit,
243 3607 310 3663 dum
327 3607 401 3681 quod
416 3608 445 3659 in
467 3606 556 3660 medio
573 3620 644 3671 erut,
668 3607 783 3678 perfecta
801 3621 858 3662 erat
875 3608 993 3662 chalcitis
1012 3611 1181 3665 nnllamdum

115 3698 294 3753 alterationem
307 3706 422 3769 experta.
434 3694 468 3747 At
481 3714 543 3749 vero
556 3714 587 3748 ex
602 3695 654 3747 leri
671 3691 787 3766 quedam
803 3696 948 3749 mutatione
966 3715 1045 3768 quam
1066 3698 1093 3751 in
1107 3719 1181 3772 sory,

114 3786 185 3858 quod
204 3787 241 3840 ah
257 3783 352 3839 eodem
370 3796 488 3854 ternpore
506 3783 644 3845 servabat,
665 3781 840 3854 deprehendit
860 3783 887 3837 id
910 3784 996 3855 ipsum
1014 3785 1083 3839 sorte
1098 3786 1179 3857 longo

116 3887 234 3945 tempore
244 3872 273 3925 in
283 3869 410 3923 chalcitin
423 3869 520 3922 mutari
533 3886 609 3939 posse
620 3868 775 3940 suspicatur.

149 3962 224 4031 (ttae
235 3960 364 4014 hactenns
378 3956 543 4018 Geniirnns,
558 3957 647 4009 Tract.
663 3955 697 4008 de
709 3956 774 4009 Mat.
787 3957 856 4013 med.
867 3970 931 4023 tom.
941 3958 970 4021 1;
991 3956 1025 4011 de
1038 3957 1179 4013 chalcitide

116 4068 192 4116 vern,
210 4050 268 4103 misi
278 4060 304 4101 et
312 4047 378 4112 scri,
390 4046 429 4099 sie
442 4045 533 4098 talium
547 4062 636 4097 rernm
645 4044 686 4097 vir
696 4041 871 4117 interpaucos
884 4045 1071 4117 peritissimus,
1079 4060 1182 4102 nostrus

116 4138 308 4200 Bscrossaur,
316 4139 421 4189 Dialem
432 4137 475 4185 des
486 4136 595 4207 Seleucea
609 4137 759 4204 cotarellos.)

1029 4187 1108 4323 17²·
