3100 5125
339 521 410 592 300
610 521 648 590 C.
674 520 840 590 PLINII
864 519 968 589 NAT.
991 522 1121 588 HIST.

338 656 409 724 sive
420 651 553 747 liquida,
564 650 686 721 facilis:
700 667 817 721 contra
825 652 964 722 hulcera
977 655 1011 722 in
1020 640 1187 722 humorc¹⁴
1200 656 1276 734 sita,
1292 655 1398 724 veluti

338 761 420 845 oris,
445 758 538 827 sedis.
568 756 688 826 alvum
713 761 797 828 sistit
815 745 976 828 inhrsa¹⁵:
996 758 1190 828 feminarum
1216 760 1399 852 profluvia,

336 879 417 960 pota
437 864 561 933 denarii
581 864 735 958 pondere.
755 865 879 934 Eadem
895 864 1010 934 adusta
1024 866 1125 934 siccat
1137 865 1307 934 scabritias
1323 891 1399 935 ocu·

337 969 497 1052 lorum‚·e
517 970 596 1038 vino
615 972 765 1040 maxime.

304 1104 317 1140 ι
389 1078 482 1144 XIV.
504 1075 677 1146 Rubricae¹
700 1069 804 1170 genus
826 1079 861 1146 in
887 1096 926 1146 ea
946 1074 1081 1146 voluere
1105 1071 1242 1170 intelligi
1262 1076 1397 1170 quidam

336 1179 489 1251 secundae
498 1180 725 1251 auctoritatis.
740 1185 885 1253 Palmam
899 1183 986 1250 enim
997 1183 1144 1250 Lemnia>
1153 1179 1286 1269 dabant,
1294 1185 1398 1252 minio

334 1289 485 1383 proxima
496 1287 566 1356 haec
579 1301 648 1374 est,
666 1288 806 1359 multum
823 1289 964 1382 antiquis
979 1287 1160 1371 celebrata,
1176 1312 1253 1356 cum
1269 1288 1398 1375 insula,

335 1396 455 1487 inqua
476 1394 631 1463 nascitur.
657 1396 729 1464 Nec
749 1399 810 1466 nisi
831 1379 974 1489 signata³
997 1392 1286 1463 venumdabatur:
1308 1394 1398 1463 unde

333 1513 368 1568 et
385 1499 595 1593 sphragidem
614 1499 830 1594 appellavere.
847 1505 918 1570 Hac
934 1501 1070 1568 minium
1086 1499 1257 1568 sublinunt
1270 1499 1395 1568 adulte-

333 1619 484 1700 eantque.
494 1609 534 1673 ln
543 1605 715 1690 medicina,
723 1605 1101 1703 praeclararesbabetur.
1110 1606 1297 1702 Epiphoras
1307 1609 1395 1674 enim

333 1711 506 1781 oculorum
521 1712 651 1805 mitigat
663 1726 697 1781 et
716 1714 847 1784 dolores
866 1711 1059 1783 circumlita.
1073 1711 1241 1807 AEgilopas
1262 1736 1396 1780 manare

333 1817 496 1910 prohibet.
508 1819 708 1911 Sanguinem
723 1804 957 1913 rejicientibus⁴
968 1843 1008 1886 ex
1022 1832 1118 1890 aceto
1131 1817 1230 1886 datur
1239 1817 1394 1888 bibenda:

378 2015 424 2072 14.
437 2010 468 2061 Ie
476 2009 580 2063 hamon.
590 2011 623 2062 In
635 2009 701 2063 locis
714 2009 842 2064 humidis.
886 2027 936 2062 nus
948 1999 984 2060 ait
997 2007 1032 2061 de
1045 2007 1147 2062 Pacult.
1156 2009 1244 2080 simpl.
1256 2009 1327 2063 med.
1344 2011 1395 2074 1x,

378 2089 423 2143 15.
440 2089 529 2140 Alsum
538 2091 701 2156 sbdtmsins.
713 2092 841 2164 Clystere.
886 2105 913 2159 p.
927 2089 999 2153 alb,
1013 2087 1087 2160 qnod
1100 2089 1192 2142 Diana
1206 2089 1307 2143 scilicet
1317 2107 1395 2160 capra

333 2158 405 2229 lenes
417 2163 447 2219 di
458 2169 500 2221 eal
517 2169 608 2222 κοιλῖιν
624 2173 648 2223 is
661 2174 701 2240 ὁῷ
713 2169 842 2241 ispicie-
885 2187 959 2222 sacra
977 2169 1052 2221 ioret.
1073 2168 1139 2233 Quae
1158 2181 1226 2221 terra
1244 2170 1341 2223 lemnia
1360 2170 1397 2221 si-

333 2249 393 2317 μίνη
403 2251 445 2300 καὶ
453 2249 622 2318 Ιγιλυῑομίνη.
634 2249 722 2304 Diosc.
734 2252 754 2305 l.
764 2271 788 2304 c.
796 2251 830 2302 H.
884 2247 1026 2319 gillatsque
1040 2246 1189 2300 Dioscoridi
1205 2261 1230 2301 et
1243 2247 1345 2302 Galeno
1358 2247 1398 2301 di-

372 2327 448 2378 xlv.
464 2344 489 2379 r.
504 2328 625 2380 liudrico.
637 2329 842 2397 Rubricsstem
885 2327 968 2389 citur,
986 2326 1079 2381 eadem
1098 2328 1203 2382 rubrica
1217 2329 1313 2381 lemnia
1327 2346 1397 2380 acn-

333 2423 424 2476 muges
433 2423 488 2477 quo
500 2407 528 2458 in
542 2425 639 2477 genere
650 2408 758 2478 quidam
771 2411 843 2462 eino.
884 2405 942 2458 lore
951 2407 1216 2460 nominataest.Vide
1227 2406 1395 2461 Aldrorand.

332 2484 399 2556 pica
405 2483 551 2538 meandum
561 2487 651 2539 locum
659 2491 839 2560 assignabant:
884 2482 918 2538 de
934 2485 1034 2538 Metall.
1048 2487 1092 2550 11,
1107 2503 1149 2556 17,
1160 2505 1220 2558 pag.
1237 2488 1302 2540 263.
1316 2486 1395 2539 Nunc

331 2566 449 2628 lemnias,
462 2568 574 2635 primam
588 2570 781 2623 anctoritatem.
796 2570 829 2623 ll.
884 2566 991 2619 ancici
1018 2566 1126 2639 imperii
1153 2569 1241 2639 sigillo
1265 2568 1394 2639 signatur.

374 2662 400 2696 a.
421 2643 534 2699 Radrieae
554 2666 630 2716 genus
654 2654 680 2700 in
705 2670 735 2701 sa
759 2650 841 2702 selas
883 2646 991 2698 Iconem
1001 2646 1396 2709 Belloninsaiss'nrnsexbibet‚

332 2741 359 2778 rs
381 2726 486 2795 intelligi
506 2726 602 2798 qnidam
624 2728 734 2781 smerde
756 2741 841 2782 aucto·
884 2724 1040 2795 0bss.1,p.
1062 2726 1188 2779 avide
1201 2726 1280 2780 etiam
1294 2727 1394 2778 librum

332 2806 421 2861 ritatis.
436 2804 528 2876 Lege:
546 2806 691 2860 «Robrica
708 2827 792 2878 genus
810 2808 838 2862 iu
883 2803 1054 2874 inscriptum,
1064 2806 1190 2877 Melange
1199 2807 1323 2859 d'lsistoire
1334 2806 1395 2858 etde

331 2900 362 2938 es
374 2883 485 2935 volnere
504 2884 620 2937 maxims
637 2886 759 2958 intelligi.
774 2888 841 2953 Qui·
882 2883 1030 2945 demam,
1046 2887 1200 2957 rom.11,p.
1218 2886 1274 2955 3¹19
1290 2898 1316 2938 et
1326 2885 1393 2937 3²0·

331 2958 393 3015 dam
406 2960 527 3015 secundas
538 2965 708 3032 auctoritatis,
723 2968 838 3037 palmam
882 2962 916 3015 Η.
928 2963 1086 3033 *Signata
1100 2964 1194 3035 Effigie
1206 2964 1290 3037 'caproe
1303 2964 1392 3017 Diosc.

331 3039 402 3093 enim
417 3041 536 3094 Lemnias
552 3041 658 3097 dabant.
673 3046 760 3099 Minio
775 3066 841 3118 pro-
881 3044 987 3112 imngr'm
1017 3043 1107 3096 Dim
1136 3045 1229 3098 Galen.
1261 3044 1393 3110 Quoniam

331 3118 402 3172 xima
412 3120 469 3174 haec
482 3134 536 3184 est,
549 3124 662 3177 multum
673 3126 789 3197 antiquis
799 3144 840 3179 ce·
881 3121 963 3175 rubra
974 3121 1146 3189 effoderetur,
1161 3122 1330 3177 Dioscorides
1346 3122 1395 3175 ho-

329 3198 429 3254 lebrata
440 3216 502 3253 cnm
514 3203 600 3254 insula
609 3203 636 3255 in
648 3224 699 3277 qua
710 3206 839 3267 nascitur,
882 3202 985 3253 minum
1001 3204 1169 3257 sermonibus
1183 3203 1296 3257 credidit
1311 3202 1394 3256 hirci·

329 3295 380 3331 nec
409 3280 462 3332 nisi
495 3282 594 3351 signata
625 3283 837 3339 venundabatur.
880 3298 945 3332 unns
960 3282 1113 3352 sangninem
1124 3282 1270 3337 admisceri.
1281 3285 1392 3336 Dia.-

330 3356 411 3415 Unde
425 3371 451 3411 et
462 3359 629 3431 sphragidem
640 3364 834 3434 appellavere..
881 3358 994 3429 Signata.
1006 3362 1083 3415 Nunc
1092 3381 1199 3435 quoque
1211 3362 1318 3426 dicitnr,
1329 3373 1392 3414 terre
1437 3364 1442 3377 '

330 3436 490 3490 VideSalm.
503 3457 531 3509 p.
545 3441 625 3494 1156.
879 3440 981 3511 sigilles.
995 3442 1104 3512 Argilio
1116 3443 1215 3514 species
1228 3455 1266 3495 est
1281 3436 1393 3507 (silicata

371 3516 398 3569 ³.
412 3518 465 3570 Nee
473 3522 521 3571 nisi
531 3524 635 3589 signata.
649 3522 839 3591 Dioscorid.V‚
880 3518 1041 3586 inmissus),
1064 3522 1164 3575 nullius
1181 3523 1237 3575 sere
1252 3520 1325 3593 apud
1342 3542 1393 3575 nos

334 3598 399 3662 113,
408 3595 443 3649 de
453 3610 522 3651 tem
536 3600 645 3652 temnis:
659 3585 693 3653 iss
704 3605 725 3656 ot
737 3604 788 3657 inst
799 3604 839 3657 ἄν·
880 3600 909 3651 in
923 3597 1053 3653 medicina
1067 3620 1137 3655 usus.
1153 3604 1205 3655 En.

329 3680 419 3746 spossus
434 3678 634 3740 ἀναπλάσσοντα(
644 3681 686 3733 καὶ
695 3685 838 3753 σφραγὶζον.
922 3683 948 3743 d.
979 3679 1125 3749 Sanguinem
1157 3680 1323 3751 rejicientibus.
1351 3683 1392 3735 Ita

329 3775 371 3817 τις
386 3758 459 3809 eisin
478 3758 562 3828 αἰγὸς,
581 3756 709 3831 Σφραγίδα
723 3768 836 3815 καλοῦσιν
880 3758 996 3811 Galenus
1013 3759 1063 3812 loc.
1079 3761 1124 3814 cit.
1140 3779 1200 3832 pag.
1221 3766 1286 3828 ²⁴9·
1300 3761 1393 3813 Aetius

331 3836 409 3907 αἰγός.
427 3837 526 3890 uliano
544 3836 641 3893 deinde
661 3841 754 3895 iucolre
774 3860 836 3894 cna·
879 3836 953 3900 item,
965 3839 1001 3901 11,
1011 3844 1036 3901 d,
1050 3858 1110 3913 pag.
1125 3844 1171 3903 48,
1183 3858 1243 3892 cnm
1255 3852 1391 3911 oxycrato,

330 3927 399 3969 ctam
417 3916 446 3969 in
466 3916 599 3987 pastillos,
617 3936 701 3990 capre
720 3920 837 3992 imagine
880 3918 1082 3987 psr'ltuspclrau.
1093 3920 1166 3985 Quin
1178 3931 1321 3990 etaspectn
1336 3922 1392 3991 ejus

329 3994 450 4063 signant:
467 3995 579 4050 undeet
594 3998 733 4069 sphragide
749 4019 836 4071 egos,
879 4007 956 4049 tarra
977 4000 1132 4069 sanguinem
1155 3999 1274 4053 cobiberi
1297 3998 1390 4051 scribit

328 4072 381 4124 boc
392 4087 447 4137 est,
459 4092 546 4146 capre
555 4076 670 4146 sigillum
685 4080 836 4149 appellare·
879 4075 983 4130 Tbeosl.
995 4077 1075 4131 Prisc.
1092 4080 1134 4139 ΙΙ,
1149 4081 1178 4131 Ρ.
1197 4098 1236 4143 rr,
1248 4096 1275 4147 9,
1287 4078 1329 4130 rel
1342 4098 1392 4149 per

328 4168 366 4203 re.
379 4176 391 4197 ·
404 4154 495 4207 Disne
508 4155 624 4227 imsgine
643 4157 740 4228 signari
758 4160 837 4212 Gale·
881 4172 924 4222 se,
945 4157 987 4211 vel
1007 4175 1039 4210 ex
1060 4171 1135 4211 aceto
1155 4158 1177 4212 si
1193 4158 1319 4212 illinatnr.
1334 4156 1392 4213 Ad·
