3100 5125
486 513 645 581 LIBER
671 509 854 581 XXXVI.
1132 503 1195 584 511

141 634 246 720 ιιιιιι73
270 644 354 717 ista?
370 658 428 716 aut
448 668 521 738 quse
541 641 675 737 querele
698 643 742 713 de
760 639 904 713 Cannis?
926 641 1098 732 Quantum
1126 647 1203 717 mali

140 755 249 850 potuit
270 749 439 824 accidere?
464 751 596 820 Hauriri
618 750 718 818 urbes
744 763 841 820 terre
866 750 1030 837 hiatibus,
1052 751 1203 845 publicus

140 857 328 930 mortalium
356 856 452 926 dolor
480 868 541 925 est.
574 859 662 924 Ecce
684 853 828 950 populus
849 879 1006 924 romanus
1032 858 1203 929 universus
1225 883 1255 934 16

123 965 231 1063 'velut
252 964 382 1034 duobus
400 962 539 1054 navigiis
556 962 749 1054 impositus,
766 961 853 1030 binis
865 961 1053 1031 cardinibus
1068 966 1203 1035 sustine

139 1087 204 1156 tur,
220 1085 254 1140 et
267 1071 422 1162 seipsum
434 1067 678 1162 depugnantem
695 1079 838 1160 spectat,
853 1069 1019 1161 periturus
1033 1086 1202 1142 momento

139 1177 252 1270 aliquo
264 1174 385 1244 luxatis
399 1171 581 1242 machinis:
603 1186 637 1240 et
652 1195 712 1265 per
722 1171 789 1240 hoc
803 1173 961 1266 quaeritur
975 1175 1008 1241 in
1021 1175 1203 1246 tribuniciis

139 1281 357 1352 concionibus
352 1280 490 1408 gratia,
509 1291 547 1345 ut
564 1276 707 1370 pensiles
721 1277 826 1346 tribus
841 1265 1003 1346 laceret⁷⁷
1019 1279 1134 1367 Qualis
1147 1283 1203 1352 hic

138 1389 173 1457 in
199 1370 363 1456 Rostris⁷⁵
371 1383 386 1452 l
411 1381 502 1472 Quid
527 1406 596 1451 non
615 1402 755 1450 ausurus
761 1380 874 1476 apud
898 1406 972 1470 eos,
993 1385 1114 1476 quibus
1136 1385 1203 1456 hoc

139 1488 466 1588 persuaseritlvera
477 1512 622 1580 namque
640 1487 874 1556 confitentibus
888 1487 1031 1583 populus
1048 1515 1203 1562 romanus

139 1597 273 1668 funebri
295 1619 432 1664 munere
453 1593 496 1661 ad
517 1591 681 1661 tumulum
702 1595 804 1696 patris
822 1594 892 1686 ejus
914 1594 1116 1689 depugnavit
1130 1600 1203 1667 uni·

138 1727 265 1774 versus.
278 1702 429 1770 Variavit
444 1699 532 1767 hanc
546 1722 639 1766 suam
651 1683 929 1792 magnificentiam
949 1699 1040 1769 fessis
1055 1703 1205 1773 turbatis·

139 1834 205 1904 que
232 1788 455 1877 cardinibus⁷⁶
470 1818 534 1874 :et
554 1804 789 1898 amphitheatri
813 1803 919 1874 forma
940 1806 1121 1892 custodita,
1141 1833 1205 1878 no·

138 1917 274 1984 sissimo
291 1913 346 1981 die
359 1908 520 1980 duabus⁷⁷
538 1933 598 2003 per
613 1909 758 1978 medium
774 1895 912 1979 scenis⁷⁸
929 1909 1068 1981 athletas
1085 1861 1205 2001 edidit,

139 2021 335 2115 raptisquee
344 2013 542 2085 contrarro⁷⁹
549 2029 685 2108 repente
699 2001 851 2109 pulpitis⁸
853 2014 987 2085 ‘eodem
1000 2016 1054 2085 die
1063 2019 1205 2090 victores

139 2150 159 2194 e
172 2122 410 2220 gladiatoribus
424 2122 491 2190 suis
504 2120 669 2214 produxit
687 2121 759 2189 Nec
774 2120 836 2189 fuit
848 2147 904 2190 rex
921 2123 1042 2210 Curio,
1057 2137 1114 2193 aut
1130 2150 1207 2220 gen·

140 2232 224 2300 tium
238 2232 429 2324 imperator,
444 2251 514 2294 non
531 2225 677 2319 opibus
668 2227 822 2320 insignis,
841 2241 878 2295 ut
894 2251 950 2320 qm
942 2175 1065 2296 nihil
1056 2253 1090 2296 ιιι
1105 2255 1205 2300 censu

139 2336 314 2418 habuerit,
332 2347 452 2428 praeter
472 2329 670 2400 discordiam
692 2333 889 2426 principum.

194 2440 261 2510 Sed
282 2441 433 2509 dicantur
454 2461 534 2506 vern
551 2437 764 2507 estimatione
788 2439 911 2507 invicta
933 2437 1111 2524 miracula,
1133 2467 1206 2536 quae
1226 2481 1257 2530 ¹7

181 2651 232 2721 73.
245 2650 309 2719 Quo
319 2648 405 2699 vilitas
415 2649 557 2698 animorum.
569 2642 655 2697 Adeo·
697 2646 798 2717 inquit,
810 2645 857 2700 hic
866 2646 930 2711 suit,
947 2648 993 2718 qui
1009 2646 1037 2700 id
1047 2649 1149 2720 populo
1163 2670 1206 2703 ro-

140 2748 176 2785 ue
189 2729 252 2783 vilis
261 2728 355 2799 populi
366 2745 435 2779 rom.
452 2725 507 2777 sits
522 2722 654 2786 videatur,
696 2744 778 2778 msno
792 2726 951 2797 persuaserit
964 2726 993 2778 in
1011 2728 1159 2781 concione?
1171 2730 1205 2781 Η.

141 2822 173 2864 ut
190 2810 231 2863 sic
250 2822 327 2861 certa
347 2806 427 2859 morti
442 2804 523 2876 objici
545 2804 655 2872 impune
738 2808 786 2875 76.
801 2805 959 2878 Turduli-sque
975 2806 1120 2862 satellitibus.
1138 2809 1206 2863 Pon·

141 2888 249 2960 possit?
272 2884 345 2952 Quid
365 2884 400 2938 de
425 2883 559 2938 Cannensi
580 2880 655 2934 slede
696 2882 760 2937 dere
773 2884 1103 2939 nortmannorum.

141 2969 291 3040 querimur,
310 2982 393 3035 quum
414 2965 500 3034 msjor
514 2962 559 3014 bie
578 2962 657 3028 fieri,
747 2982 792 3032 77.
825 2964 933 3016 Duobus.
964 2966 1036 3016 Brot.
1067 2984 1099 3017 ex
1129 2966 1204 3020 MSS.

140 3048 232 3101 luxato
246 3044 378 3105 muthius,
391 3043 537 3114 potuisset?
552 3041 641 3093 Herm.
697 3044 777 3114 segg.
790 3055 815 3096 et
826 3042 889 3096 edit.
900 3044 1030 3115 principe,
1041 3044 1137 3097 diversis
1147 3047 1206 3098 dna·

184 3132 232 3197 74.
255 3125 289 3177 tle
301 3117 403 3193 pensiles
421 3120 654 3187 tribnssoomt.1n
697 3123 753 3185 bos,
767 3133 817 3175 etc.
833 3124 883 3176 En.

142 3205 221 3259 MSS.
233 3206 314 3273 Πομ.
328 3214 355 3255 et
368 3200 429 3254 edit.
441 3200 561 3271 principe
573 3200 654 3251 omis·
737 3204 785 3270 78.
799 3204 849 3253 Per
864 3202 963 3253 mediam
976 3204 1101 3256 scenis.1n
1117 3204 1206 3260 medio

142 3285 329 3352 suammet
346 3282 419 3333 Brot.
434 3280 477 3333 cui
498 3278 654 3347 displicebat
697 3279 900 3352 amphitheatro.
910 3281 1000 3333 Ηιιιιι.

144 3365 226 3419 &usn
238 3360 307 3415 illud
320 3361 442 3420 verbum,
452 3357 618 3427 conjiciebat,
628 3369 656 3408 ut
738 3380 785 3430 79.
796 3362 1077 3433 Raptisqueecontron'o
1089 3365 1205 3434 Raptim-

140 3444 245 3535 pensiles
260 3446 310 3493 sint
325 3439 407 3491 tribus.
423 3441 654 3500 Cercasorum,
697 3458 749 3510 qne
769 3440 886 3493 excitatis
903 3453 992 3493 contra
1014 3440 1133 3495 medium
1153 3462 1205 3496 nm·

143 3523 193 3597 qui
210 3522 283 3573 bunc
301 3518 380 3572 Plinii
400 3518 488 3569 locum
510 3515 655 3579 recensuit,
696 3518 842 3590 phitheatri
858 3518 968 3587 pulpitis
978 3518 1098 3584 duobus
1109 3536 1158 3577 etc.
1170 3522 1204 3575 Η.

145 3601 243 3657 theatri
253 3598 378 3652 Curionis
395 3594 545 3649 illustrandi
563 3612 654 3658 censs,
738 3598 784 3650 80.
806 3597 917 3668 ruptio.
932 3600 1067 3669 Pulpitnm
1084 3600 1157 3653 locus
1168 3614 1205 3653 est

144 3680 214 3753 apud
221 3679 324 3749 pensiles
338 3677 425 3740 tribio,
439 3676 518 3746 paulo
530 3673 656 3726 audacius
697 3690 759 3730 ante
771 3695 875 3729 scenam
889 3677 1018 3743 editior,
1011 3698 1038 3730 sn
1052 3698 1107 3749 quo
1120 3680 1206 3732 omnis

145 3757 312 3815 emendabat.
325 3756 366 3810 Cl'.
379 3756 502 3809 Memoires
512 3753 655 3806 del‘Acod.
697 3756 825 3810 comoedia
842 3754 973 3810 recitatur.
993 3758 1092 3809 Plinius
1105 3759 1205 3826 junior,

145 3833 655 3905 dotmcr.rom.xx111‚p.378.ttx
697 3836 766 3889 libro
789 3837 840 3902 IV,
864 3837 939 3907 epist.
957 3837 991 3889 25
1015 3854 1020 3888 :
1045 3861 1056 3883 ι
1075 3836 1140 3887 Inde
1158 3837 1205 3890 ista

145 3921 223 3973 Brot-
234 3929 290 3969 not.
302 3913 336 3968 sd
346 3915 374 3969 ln
386 3914 435 3968 loc.
452 3914 504 3965 En.
698 3914 828 3980 ludibria,
842 3935 918 3969 scens
930 3928 957 3968 et
974 3916 1077 3986 pulpito
1087 3913 1174 3983 digna.
1191 3942 1203 3963 ι

188 3999 236 4069 76.
254 3997 341 4063 Qualis
358 3996 396 4046 laic
413 3998 438 4045 ia
450 3994 562 4045 Restm?
576 3990 656 4045 Unde
699 3994 741 4046 Ibi
759 4007 861 4048 setores
877 3996 1002 4066 gerebant
1016 4006 1111 4065 partes.
1122 3996 1156 4048 H.
1168 4026 1208 4038 --

145 4078 276 4133 nimirum
295 4073 520 4129 condonsbsnmr
538 4071 656 4134 tribuni,
703 4072 812 4125 Victores
835 4094 848 4124 e
868 4072 1046 4144 gladiatoribus
1070 4078 1119 4125 sais
1136 4075 1207 4145 prod.

146 4156 323 4225 consulesque
335 4152 369 4209 sd
388 4153 528 4225 populoru.
548 4150 656 4217 Qualis,
700 4153 826 4205 Insanum
838 4170 901 4205 sane
915 4152 966 4206 fnit
978 4172 1074 4206 munus
1089 4153 1156 4207 illud
1169 4172 1210 4207 ce·
