<?xml version="1.0" encoding="UTF-8"?>
<!DOCTYPE html PUBLIC "-//W3C//DTD XHTML 1.0 Transitional//EN"
    "http://www.w3.org/TR/xhtml1/DTD/xhtml1-transitional.dtd">
<html xmlns="http://www.w3.org/1999/xhtml" xml:lang="en" lang="en">
 <head>
  <title>
</title>
<meta http-equiv="Content-Type" content="text/html;charset=utf-8" />
  <meta name='ocr-system' content='tesseract 3.04.00' />
  <meta name='ocr-capabilities' content='ocr_page ocr_carea ocr_par ocr_line ocrx_word'/>
</head>
<body>
  <div class='ocr_page' id='page_1' title='image "./caiipliniisecun00hardgoog_0286.png"; bbox 0 0 3100 5125; ppageno 0'>
   <div class='ocr_carea' id='block_1_1' title="bbox 369 563 1154 658">
    <p class='ocr_par' dir='ltr' id='par_1_1' title="bbox 369 563 1154 658">
     <span class='ocr_line' id='line_1_1' title="bbox 369 563 1154 658; baseline -0.004 -26"><span class='ocrx_word' id='word_1_1' title='bbox 369 564 439 658; x_wconf 73' lang='lat'>¹7⁸</span> <span class='ocrx_word' id='word_1_2' title='bbox 641 569 681 635; x_wconf 89' lang='lat' dir='ltr'>c.</span> <span class='ocrx_word' id='word_1_3' title='bbox 708 567 875 640; x_wconf 80' lang='lat' dir='ltr'>rn1n11</span> <span class='ocrx_word' id='word_1_4' title='bbox 899 565 1004 636; x_wconf 76' lang='lat' dir='ltr'>nur.</span> <span class='ocrx_word' id='word_1_5' title='bbox 1028 563 1154 632; x_wconf 79' lang='lat' dir='ltr'>msa.</span> 
     </span>
    </p>
   </div>
   <div class='ocr_carea' id='block_1_2' title="bbox 266 679 1426 1530">
    <p class='ocr_par' dir='ltr' id='par_1_2' title="bbox 266 679 1426 1530">
     <span class='ocr_line' id='line_1_2' title="bbox 367 679 1426 792; baseline 0 -28"><span class='ocrx_word' id='word_1_6' title='bbox 367 719 479 764; x_wconf 87' lang='lat' dir='ltr'>rarum</span> <span class='ocrx_word' id='word_1_7' title='bbox 498 695 684 765; x_wconf 89' lang='lat' dir='ltr'>discrimine</span> <span class='ocrx_word' id='word_1_8' title='bbox 692 695 715 785; x_wconf 88' lang='lat'>²,</span> <span class='ocrx_word' id='word_1_9' title='bbox 732 711 916 768; x_wconf 80' lang='lat' dir='ltr'>statuarum</span> <span class='ocrx_word' id='word_1_10' title='bbox 936 697 1044 792; x_wconf 89' lang='lat' dir='ltr'>capita</span> <span class='ocrx_word' id='word_1_11' title='bbox 1066 679 1326 790; x_wconf 78' lang='lat' dir='ltr'>permutantur³,</span> <span class='ocrx_word' id='word_1_12' title='bbox 1349 693 1426 764; x_wconf 90' lang='lat' dir='ltr'>vul·</span> 
     </span>
     <span class='ocr_line' id='line_1_3' title="bbox 266 792 1425 897; baseline -0.001 -27"><span class='ocrx_word' id='word_1_13' title='bbox 266 847 273 860; x_wconf 87' lang='lat'>·</span> <span class='ocrx_word' id='word_1_14' title='bbox 367 801 450 895; x_wconf 82' lang='lat' dir='ltr'>gatis</span> <span class='ocrx_word' id='word_1_15' title='bbox 467 801 536 895; x_wconf 88' lang='lat' dir='ltr'>jam</span> <span class='ocrx_word' id='word_1_16' title='bbox 556 800 684 897; x_wconf 81' lang='lat' dir='ltr'>pridem</span> <span class='ocrx_word' id='word_1_17' title='bbox 702 792 842 873; x_wconf 79' lang='lat' dir='ltr'>salibus⁴</span> <span class='ocrx_word' id='word_1_18' title='bbox 862 805 961 874; x_wconf 83' lang='lat' dir='ltr'>etiam</span> <span class='ocrx_word' id='word_1_19' title='bbox 984 801 1176 872; x_wconf 80' lang='lat' dir='ltr'><strong>carminum.</strong></span> <span class='ocrx_word' id='word_1_20' title='bbox 1199 797 1292 868; x_wconf 80' lang='lat' dir='ltr'>Adeo</span> <span class='ocrx_word' id='word_1_21' title='bbox 1316 813 1425 870; x_wconf 86' lang='lat' dir='ltr'>mate-</span> 
     </span>
     <span class='ocr_line' id='line_1_4' title="bbox 366 905 1426 1003; baseline 0.002 -29"><span class='ocrx_word' id='word_1_22' title='bbox 366 908 448 975; x_wconf 89' lang='lat' dir='ltr'>riam</span> <span class='ocrx_word' id='word_1_23' title='bbox 466 905 594 975; x_wconf 89' lang='lat' dir='ltr'>malunt</span> <span class='ocrx_word' id='word_1_24' title='bbox 610 910 755 1003; x_wconf 87' lang='lat' dir='ltr'><strong>conspici</strong></span> <span class='ocrx_word' id='word_1_25' title='bbox 771 933 903 993; x_wconf 89' lang='lat' dir='ltr'>omnes,</span> <span class='ocrx_word' id='word_1_26' title='bbox 913 931 1011 1003; x_wconf 89' lang='lat' dir='ltr'>quam</span> <span class='ocrx_word' id='word_1_27' title='bbox 1028 931 1063 976; x_wconf 88' lang='lat' dir='ltr'>se</span> <span class='ocrx_word' id='word_1_28' title='bbox 1079 906 1179 974; x_wconf 85' lang='lat' dir='ltr'>nosci.</span> <span class='ocrx_word' id='word_1_29' title='bbox 1195 908 1238 973; x_wconf 89' lang='lat' dir='ltr'>Et</span> <span class='ocrx_word' id='word_1_30' title='bbox 1256 905 1341 974; x_wconf 90' lang='lat' dir='ltr'>inter</span> <span class='ocrx_word' id='word_1_31' title='bbox 1353 905 1426 976; x_wconf 84' lang='lat' dir='ltr'>haec</span> 
     </span>
     <span class='ocr_line' id='line_1_5' title="bbox 366 998 1424 1106; baseline 0 -27"><span class='ocrx_word' id='word_1_32' title='bbox 366 998 616 1106; x_wconf 83' lang='lat' dir='ltr'>pinacothecas⁵</span> <span class='ocrx_word' id='word_1_33' title='bbox 631 1015 797 1085; x_wconf 83' lang='lat' dir='ltr'>ueteribus</span> <span class='ocrx_word' id='word_1_34' title='bbox 815 1013 933 1084; x_wconf 87' lang='lat' dir='ltr'>tabulis</span> <span class='ocrx_word' id='word_1_35' title='bbox 951 1023 1132 1094; x_wconf 89' lang='lat' dir='ltr'>consuunt,</span> <span class='ocrx_word' id='word_1_36' title='bbox 1147 1008 1333 1106; x_wconf 86' lang='lat' dir='ltr'>alienasque</span> <span class='ocrx_word' id='word_1_37' title='bbox 1353 1011 1424 1079; x_wconf 88' lang='lat' dir='ltr'>cffi-</span> 
     </span>
     <span class='ocr_line' id='line_1_6' title="bbox 289 1105 1423 1213; baseline -0.002 -27"><span class='ocrx_word' id='word_1_38' title='bbox 289 1161 294 1170; x_wconf 92' lang='lat'>·</span> <span class='ocrx_word' id='word_1_39' title='bbox 366 1117 435 1212; x_wconf 83' lang='lat' dir='ltr'>gies</span> <span class='ocrx_word' id='word_1_40' title='bbox 456 1115 587 1204; x_wconf 92' lang='lat' dir='ltr'>colunt,</span> <span class='ocrx_word' id='word_1_41' title='bbox 605 1118 666 1213; x_wconf 90' lang='lat' dir='ltr'>ipsi</span> <span class='ocrx_word' id='word_1_42' title='bbox 687 1105 868 1190; x_wconf 80' lang='lat' dir='ltr'>honorem⁶</span> <span class='ocrx_word' id='word_1_43' title='bbox 887 1145 953 1188; x_wconf 92' lang='lat' dir='ltr'>non</span> <span class='ocrx_word' id='word_1_44' title='bbox 975 1119 1037 1186; x_wconf 89' lang='lat' dir='ltr'>nisi</span> <span class='ocrx_word' id='word_1_45' title='bbox 1057 1117 1091 1184; x_wconf 90' lang='lat' dir='ltr'>in</span> <span class='ocrx_word' id='word_1_46' title='bbox 1116 1117 1223 1211; x_wconf 90' lang='lat' dir='ltr'>pretio</span> <span class='ocrx_word' id='word_1_47' title='bbox 1248 1116 1423 1204; x_wconf 85' lang='lat' dir='ltr'>ducentes,</span> 
     </span>
     <span class='ocr_line' id='line_1_7' title="bbox 332 1220 1423 1317; baseline 0.003 -28"><span class='ocrx_word' id='word_1_48' title='bbox 332 1234 403 1290; x_wconf 68' lang='lat' dir='ltr'>sut</span> <span class='ocrx_word' id='word_1_49' title='bbox 424 1221 554 1317; x_wconf 80' lang='lat' dir='ltr'>frangat</span> <span class='ocrx_word' id='word_1_50' title='bbox 573 1221 693 1313; x_wconf 72' lang='lat' dir='ltr'>haeres,</span> <span class='ocrx_word' id='word_1_51' title='bbox 718 1225 798 1295; x_wconf 86' lang='lat' dir='ltr'>linis</span> <span class='ocrx_word' id='word_1_52' title='bbox 826 1225 978 1296; x_wconf 85' lang='lat' dir='ltr'>detrahat</span> <span class='ocrx_word' id='word_1_53' title='bbox 996 1223 1140 1317; x_wconf 81' lang='lat' dir='ltr'>laqueus.</span> <span class='ocrx_word' id='word_1_54' title='bbox 1166 1224 1282 1315; x_wconf 85' lang='lat' dir='ltr'>Itaque</span> <span class='ocrx_word' id='word_1_55' title='bbox 1302 1220 1423 1292; x_wconf 87' lang='lat' dir='ltr'>nullius</span> 
     </span>
     <span class='ocr_line' id='line_1_8' title="bbox 311 1325 1420 1427; baseline -0.001 -32"><span class='ocrx_word' id='word_1_56' title='bbox 311 1363 316 1376; x_wconf 86' lang='lat'><strong>·</strong></span> <span class='ocrx_word' id='word_1_57' title='bbox 364 1326 490 1422; x_wconf 78' lang='lat' dir='ltr'>effigie⁷</span> <span class='ocrx_word' id='word_1_58' title='bbox 507 1329 655 1414; x_wconf 83' lang='lat' dir='ltr'>vivente,</span> <span class='ocrx_word' id='word_1_59' title='bbox 670 1331 829 1426; x_wconf 78' lang='lat' dir='ltr'>imagines</span> <span class='ocrx_word' id='word_1_60' title='bbox 844 1331 1010 1427; x_wconf 73' lang='lat' dir='ltr'>pecuniae,</span> <span class='ocrx_word' id='word_1_61' title='bbox 1028 1353 1096 1396; x_wconf 91' lang='lat' dir='ltr'>non</span> <span class='ocrx_word' id='word_1_62' title='bbox 1113 1351 1206 1416; x_wconf 83' lang='lat' dir='ltr'>suas,</span> <span class='ocrx_word' id='word_1_63' title='bbox 1219 1325 1420 1422; x_wconf 88' lang='lat' dir='ltr'>relinquunt.</span> 
     </span>
     <span class='ocr_line' id='line_1_9' title="bbox 362 1419 1424 1530; baseline 0.001 -30"><span class='ocrx_word' id='word_1_64' title='bbox 362 1431 468 1501; x_wconf 88' lang='lat' dir='ltr'>lidem</span> <span class='ocrx_word' id='word_1_65' title='bbox 487 1431 654 1528; x_wconf 70' lang='lat' dir='ltr'>palestrae</span> <span class='ocrx_word' id='word_1_66' title='bbox 668 1435 868 1506; x_wconf 80' lang='lat' dir='ltr'>athletarum</span> <span class='ocrx_word' id='word_1_67' title='bbox 884 1434 1098 1530; x_wconf 84' lang='lat' dir='ltr'>imaginibus,</span> <span class='ocrx_word' id='word_1_68' title='bbox 1113 1447 1146 1503; x_wconf 89' lang='lat' dir='ltr'>et</span> <span class='ocrx_word' id='word_1_69' title='bbox 1162 1419 1349 1502; x_wconf 80' lang='lat' dir='ltr'>ceromata⁸</span> <span class='ocrx_word' id='word_1_70' title='bbox 1364 1455 1424 1502; x_wconf 88' lang='lat' dir='ltr'>sua</span> 
     </span>
    </p>
   </div>
   <div class='ocr_carea' id='block_1_3' title="bbox 257 1568 1449 4255">
    <p class='ocr_par' dir='ltr' id='par_1_3' title="bbox 257 1568 1449 4255">
     <span class='ocr_line' id='line_1_10' title="bbox 363 1568 1425 1643; baseline 0.003 -22"><span class='ocrx_word' id='word_1_71' title='bbox 363 1587 393 1642; x_wconf 86' lang='lat' dir='ltr'>p.</span> <span class='ocrx_word' id='word_1_72' title='bbox 409 1568 486 1640; x_wconf 71' lang='lat'>374:</span> <span class='ocrx_word' id='word_1_73' title='bbox 503 1588 561 1624; x_wconf 75' lang='grc' dir='ltr'>ιι.</span> <span class='ocrx_word' id='word_1_74' title='bbox 571 1588 680 1624; x_wconf 81' lang='lat' dir='ltr'>sauro.</span> <span class='ocrx_word' id='word_1_75' title='bbox 691 1589 869 1630; x_wconf 75' lang='lat' dir='ltr'>nmrarorrss.</span> <span class='ocrx_word' id='word_1_76' title='bbox 910 1572 1046 1636; x_wconf 87' lang='lat' dir='ltr'>rhetores,</span> <span class='ocrx_word' id='word_1_77' title='bbox 1061 1571 1202 1643; x_wconf 74' lang='lat' dir='ltr'>ceterique</span> <span class='ocrx_word' id='word_1_78' title='bbox 1215 1569 1262 1642; x_wconf 82' lang='lat' dir='ltr'>qni</span> <span class='ocrx_word' id='word_1_79' title='bbox 1272 1568 1365 1624; x_wconf 84' lang='lat' dir='ltr'>stadiis</span> <span class='ocrx_word' id='word_1_80' title='bbox 1375 1569 1425 1624; x_wconf 88' lang='lat' dir='ltr'>de·</span> 
     </span>
     <span class='ocr_line' id='line_1_11' title="bbox 363 1647 1421 1721; baseline 0.002 -21"><span class='ocrx_word' id='word_1_81' title='bbox 363 1667 455 1701; x_wconf 77' lang='lat' dir='ltr'>svnvs.</span> <span class='ocrx_word' id='word_1_82' title='bbox 471 1667 619 1719; x_wconf 59' lang='lat' dir='ltr'>manaan.</span> <span class='ocrx_word' id='word_1_83' title='bbox 638 1669 770 1706; x_wconf 69' lang='lat' dir='ltr'>massan.</span> <span class='ocrx_word' id='word_1_84' title='bbox 784 1669 871 1716; x_wconf 79' lang='lat' dir='ltr'>nona·</span> <span class='ocrx_word' id='word_1_85' title='bbox 910 1651 1049 1716; x_wconf 89' lang='lat' dir='ltr'>lectantur,</span> <span class='ocrx_word' id='word_1_86' title='bbox 1069 1647 1203 1721; x_wconf 84' lang='lat' dir='ltr'>disputare</span> <span class='ocrx_word' id='word_1_87' title='bbox 1220 1649 1339 1702; x_wconf 83' lang='lat' dir='ltr'>sedentes</span> <span class='ocrx_word' id='word_1_88' title='bbox 1358 1669 1421 1721; x_wconf 90' lang='lat' dir='ltr'>pos·</span> 
     </span>
     <span class='ocr_line' id='line_1_12' title="bbox 363 1729 1420 1796; baseline 0.003 -17"><span class='ocrx_word' id='word_1_89' title='bbox 363 1745 463 1780; x_wconf 71' lang='lat' dir='ltr'>arnan.</span> <span class='ocrx_word' id='word_1_90' title='bbox 485 1746 616 1783; x_wconf 74' lang='lat' dir='ltr'>carran.</span> <span class='ocrx_word' id='word_1_91' title='bbox 637 1747 814 1786; x_wconf 70' lang='lat' dir='ltr'>ascusam.</span> <span class='ocrx_word' id='word_1_92' title='bbox 834 1731 868 1784; x_wconf 85' lang='grc' dir='ltr'>Η.</span> <span class='ocrx_word' id='word_1_93' title='bbox 911 1732 979 1796; x_wconf 88' lang='lat' dir='ltr'>sint,</span> <span class='ocrx_word' id='word_1_94' title='bbox 992 1731 1033 1782; x_wconf 79' lang='lat' dir='ltr'>des</span> <span class='ocrx_word' id='word_1_95' title='bbox 1047 1729 1120 1781; x_wconf 74' lang='lat' dir='ltr'>salies</span> <span class='ocrx_word' id='word_1_96' title='bbox 1133 1729 1163 1781; x_wconf 77' lang='lat' dir='ltr'>de</span> <span class='ocrx_word' id='word_1_97' title='bbox 1174 1732 1344 1781; x_wconf 73' lang='lat' dir='ltr'>commun.</span> <span class='ocrx_word' id='word_1_98' title='bbox 1360 1730 1420 1795; x_wconf 82' lang='lat' dir='ltr'>Qus</span> 
     </span>
     <span class='ocr_line' id='line_1_13' title="bbox 363 1806 1420 1882; baseline 0.004 -24"><span class='ocrx_word' id='word_1_99' title='bbox 363 1836 404 1846; x_wconf 96' lang='lat'>—</span> <span class='ocrx_word' id='word_1_100' title='bbox 418 1806 501 1859; x_wconf 79' lang='lat' dir='ltr'>AEres&#39;.</span> <span class='ocrx_word' id='word_1_101' title='bbox 518 1806 602 1860; x_wconf 74' lang='lat' dir='ltr'>Aurei</span> <span class='ocrx_word' id='word_1_102' title='bbox 618 1827 724 1882; x_wconf 84' lang='lat' dir='ltr'>qnoque</span> <span class='ocrx_word' id='word_1_103' title='bbox 739 1824 765 1864; x_wconf 92' lang='lat' dir='ltr'>et</span> <span class='ocrx_word' id='word_1_104' title='bbox 778 1829 870 1882; x_wconf 75' lang='lat' dir='ltr'>argen-</span> <span class='ocrx_word' id='word_1_105' title='bbox 910 1808 1015 1864; x_wconf 86' lang='lat' dir='ltr'>devoce</span> <span class='ocrx_word' id='word_1_106' title='bbox 1024 1809 1158 1861; x_wconf 85' lang='lat' dir='ltr'>uberrime</span> <span class='ocrx_word' id='word_1_107' title='bbox 1167 1807 1420 1879; x_wconf 73' lang='lat' dir='ltr'>Gotholredusegit,</span> 
     </span>
     <span class='ocr_line' id='line_1_14' title="bbox 362 1885 1420 1962; baseline 0.003 -23"><span class='ocrx_word' id='word_1_108' title='bbox 362 1885 409 1939; x_wconf 84' lang='lat' dir='ltr'>tei.</span> <span class='ocrx_word' id='word_1_109' title='bbox 427 1886 573 1956; x_wconf 71' lang='lat' dir='ltr'>Argenteus</span> <span class='ocrx_word' id='word_1_110' title='bbox 591 1887 721 1959; x_wconf 88' lang='lat' dir='ltr'>Scipionis</span> <span class='ocrx_word' id='word_1_111' title='bbox 741 1890 867 1962; x_wconf 83' lang='lat' dir='ltr'>clypeus,</span> <span class='ocrx_word' id='word_1_112' title='bbox 910 1890 939 1942; x_wconf 89' lang='lat' dir='ltr'>in</span> <span class='ocrx_word' id='word_1_113' title='bbox 959 1887 1019 1943; x_wconf 88' lang='lat' dir='ltr'>cod.</span> <span class='ocrx_word' id='word_1_114' title='bbox 1038 1886 1142 1944; x_wconf 86' lang='lat' dir='ltr'>Theod.</span> <span class='ocrx_word' id='word_1_115' title='bbox 1161 1887 1224 1952; x_wconf 82' lang='lat' dir='ltr'>XV,</span> <span class='ocrx_word' id='word_1_116' title='bbox 1250 1887 1292 1940; x_wconf 76' lang='lat' dir='ltr'>tit,</span> <span class='ocrx_word' id='word_1_117' title='bbox 1306 1889 1335 1952; x_wconf 89' lang='lat'>1,</span> <span class='ocrx_word' id='word_1_118' title='bbox 1351 1906 1420 1954; x_wconf 78' lang='lat' dir='ltr'>unt,</span> 
     </span>
     <span class='ocr_line' id='line_1_15' title="bbox 362 1963 1285 2040; baseline 0.001 -23"><span class='ocrx_word' id='word_1_119' title='bbox 362 1963 392 2017; x_wconf 89' lang='lat' dir='ltr'>in</span> <span class='ocrx_word' id='word_1_120' title='bbox 410 1963 542 2018; x_wconf 77' lang='lat' dir='ltr'>Rhodano</span> <span class='ocrx_word' id='word_1_121' title='bbox 563 1979 698 2038; x_wconf 76' lang='lat' dir='ltr'>repertus,</span> <span class='ocrx_word' id='word_1_122' title='bbox 717 1968 780 2022; x_wconf 86' lang='lat' dir='ltr'>item</span> <span class='ocrx_word' id='word_1_123' title='bbox 797 1971 869 2024; x_wconf 83' lang='lat' dir='ltr'>Han·</span> <span class='ocrx_word' id='word_1_124' title='bbox 910 1989 939 2040; x_wconf 70' lang='grc' dir='ltr'>ρ·</span> <span class='ocrx_word' id='word_1_125' title='bbox 954 1967 1023 2023; x_wconf 72' lang='lat'>³26.</span> <span class='ocrx_word' id='word_1_126' title='bbox 1038 1965 1130 2021; x_wconf 81' lang='lat' dir='ltr'>llasn.</span> <span class='ocrx_word' id='word_1_127' title='bbox 1284 1993 1285 1996; x_wconf 38' lang='lat'>¹</span> 
     </span>
     <span class='ocr_line' id='line_1_16' title="bbox 362 2043 1419 2114; baseline 0.001 -18"><span class='ocrx_word' id='word_1_128' title='bbox 362 2043 472 2107; x_wconf 84' lang='lat' dir='ltr'>nihalis,</span> <span class='ocrx_word' id='word_1_129' title='bbox 489 2057 590 2098; x_wconf 83' lang='lat' dir='ltr'>exstant</span> <span class='ocrx_word' id='word_1_130' title='bbox 602 2047 707 2100; x_wconf 84' lang='lat' dir='ltr'>Parisiis</span> <span class='ocrx_word' id='word_1_131' title='bbox 724 2048 752 2100; x_wconf 90' lang='lat' dir='ltr'>in</span> <span class='ocrx_word' id='word_1_132' title='bbox 773 2049 870 2102; x_wconf 86' lang='lat' dir='ltr'>biblio·</span> <span class='ocrx_word' id='word_1_133' title='bbox 951 2049 977 2100; x_wconf 88' lang='grc'>6.</span> <span class='ocrx_word' id='word_1_134' title='bbox 998 2048 1129 2114; x_wconf 69' lang='lat' dir='ltr'>Honorem.</span> <span class='ocrx_word' id='word_1_135' title='bbox 1152 2045 1287 2098; x_wconf 85' lang='lat' dir='ltr'>Honorem</span> <span class='ocrx_word' id='word_1_136' title='bbox 1309 2044 1337 2097; x_wconf 90' lang='lat' dir='ltr'>in</span> <span class='ocrx_word' id='word_1_137' title='bbox 1361 2045 1419 2098; x_wconf 88' lang='lat' dir='ltr'>solo</span> 
     </span>
     <span class='ocr_line' id='line_1_17' title="bbox 362 2121 1419 2200; baseline 0.004 -26"><span class='ocrx_word' id='word_1_138' title='bbox 362 2121 439 2176; x_wconf 86' lang='lat' dir='ltr'>theca</span> <span class='ocrx_word' id='word_1_139' title='bbox 448 2123 540 2194; x_wconf 73' lang='lat' dir='ltr'>Regia.</span> <span class='ocrx_word' id='word_1_140' title='bbox 552 2125 605 2177; x_wconf 83' lang='lat' dir='ltr'>En.</span> <span class='ocrx_word' id='word_1_141' title='bbox 894 2125 1057 2200; x_wconf 18' lang='lat' dir='ltr'>&#39;imaginum</span> <span class='ocrx_word' id='word_1_142' title='bbox 1081 2123 1168 2196; x_wconf 75' lang='lat' dir='ltr'>pretio</span> <span class='ocrx_word' id='word_1_143' title='bbox 1187 2137 1331 2194; x_wconf 88' lang='lat' dir='ltr'>ponentes,</span> <span class='ocrx_word' id='word_1_144' title='bbox 1353 2143 1419 2196; x_wconf 81' lang='lat' dir='ltr'>quas</span> 
     </span>
     <span class='ocr_line' id='line_1_18' title="bbox 405 2200 1420 2276; baseline 0.002 -22"><span class='ocrx_word' id='word_1_145' title='bbox 405 2221 430 2254; x_wconf 88' lang='lat' dir='ltr'>s.</span> <span class='ocrx_word' id='word_1_146' title='bbox 458 2200 539 2255; x_wconf 72' lang='lat' dir='ltr'>surdo</span> <span class='ocrx_word' id='word_1_147' title='bbox 561 2203 699 2275; x_wconf 68' lang='lat' dir='ltr'>figurarum</span> <span class='ocrx_word' id='word_1_148' title='bbox 726 2205 869 2262; x_wconf 60' lang='lat' dir='ltr'>dherimins.</span> <span class='ocrx_word' id='word_1_149' title='bbox 910 2205 1117 2276; x_wconf 66' lang='lat' dir='ltr'>hamlrangat,</span> <span class='ocrx_word' id='word_1_150' title='bbox 1130 2202 1420 2276; x_wconf 84' lang='lat' dir='ltr'>qusslurdolosnbri·</span> 
     </span>
     <span class='ocr_line' id='line_1_19' title="bbox 362 2278 1418 2356; baseline 0.003 -23"><span class='ocrx_word' id='word_1_151' title='bbox 362 2278 487 2334; x_wconf 83' lang='lat' dir='ltr'>Obscuso</span> <span class='ocrx_word' id='word_1_152' title='bbox 509 2300 559 2346; x_wconf 77' lang='lat' dir='ltr'>pec</span> <span class='ocrx_word' id='word_1_153' title='bbox 581 2283 691 2354; x_wconf 86' lang='lat' dir='ltr'>picturis</span> <span class='ocrx_word' id='word_1_154' title='bbox 711 2281 869 2342; x_wconf 87' lang='lat' dir='ltr'>illuminato.</span> <span class='ocrx_word' id='word_1_155' title='bbox 911 2285 975 2356; x_wconf 88' lang='lat' dir='ltr'>piat.</span> <span class='ocrx_word' id='word_1_156' title='bbox 991 2283 1025 2338; x_wconf 86' lang='grc' dir='ltr'>Η.</span> <span class='ocrx_word' id='word_1_157' title='bbox 1038 2283 1319 2353; x_wconf 82' lang='lat' dir='ltr'>-Nounisiinprets&#39;o.</span> <span class='ocrx_word' id='word_1_158' title='bbox 1332 2283 1418 2339; x_wconf 87' lang='lat' dir='ltr'>Gron.</span> 
     </span>
     <span class='ocr_line' id='line_1_20' title="bbox 360 2355 1418 2432; baseline 0.005 -22"><span class='ocrx_word' id='word_1_159' title='bbox 360 2355 395 2410; x_wconf 75' lang='lat' dir='ltr'>E</span> <span class='ocrx_word' id='word_1_160' title='bbox 414 2390 455 2400; x_wconf 91' lang='lat'><em>-</em></span> <span class='ocrx_word' id='word_1_161' title='bbox 471 2359 559 2414; x_wconf 73' lang='lat' dir='ltr'>Sardo.</span> <span class='ocrx_word' id='word_1_162' title='bbox 575 2363 703 2417; x_wconf 85' lang='lat' dir='ltr'>Obscuris</span> <span class='ocrx_word' id='word_1_163' title='bbox 714 2375 741 2416; x_wconf 89' lang='lat' dir='ltr'>et</span> <span class='ocrx_word' id='word_1_164' title='bbox 755 2363 870 2419; x_wconf 79' lang='lat' dir='ltr'>confusis</span> <span class='ocrx_word' id='word_1_165' title='bbox 911 2375 938 2417; x_wconf 90' lang='lat' dir='ltr'>et</span> <span class='ocrx_word' id='word_1_166' title='bbox 950 2362 995 2416; x_wconf 77' lang='lat' dir='ltr'>At.</span> <span class='ocrx_word' id='word_1_167' title='bbox 1010 2375 1071 2416; x_wconf 85' lang='lat' dir='ltr'>ante</span> <span class='ocrx_word' id='word_1_168' title='bbox 1084 2361 1168 2415; x_wconf 78' lang='lat' dir='ltr'>Hasd.</span> <span class='ocrx_word' id='word_1_169' title='bbox 1182 2365 1380 2432; x_wconf 70' lang='lat' dir='ltr'>mnnisipmtio5</span> <span class='ocrx_word' id='word_1_170' title='bbox 1391 2373 1418 2416; x_wconf 89' lang='lat' dir='ltr'>et</span> 
     </span>
     <span class='ocr_line' id='line_1_21' title="bbox 360 2436 1416 2514; baseline 0.003 -23"><span class='ocrx_word' id='word_1_171' title='bbox 360 2436 557 2509; x_wconf 68' lang='lat' dir='ltr'>figuris-Baua.</span> <span class='ocrx_word' id='word_1_172' title='bbox 910 2442 997 2496; x_wconf 85' lang='lat' dir='ltr'>statim</span> <span class='ocrx_word' id='word_1_173' title='bbox 1012 2460 1073 2496; x_wconf 86' lang='lat' dir='ltr'>mox</span> <span class='ocrx_word' id='word_1_174' title='bbox 1093 2443 1165 2494; x_wconf 86' lang='lat' dir='ltr'>Brut.</span> <span class='ocrx_word' id='word_1_175' title='bbox 1184 2441 1308 2514; x_wconf 69' lang='lat' dir='ltr'>surisque,</span> <span class='ocrx_word' id='word_1_176' title='bbox 1325 2440 1416 2495; x_wconf 85' lang='lat' dir='ltr'>addita</span> 
     </span>
     <span class='ocr_line' id='line_1_22' title="bbox 402 2516 1416 2594; baseline 0.004 -23"><span class='ocrx_word' id='word_1_177' title='bbox 402 2517 429 2571; x_wconf 84' lang='grc'>3.</span> <span class='ocrx_word' id='word_1_178' title='bbox 443 2516 583 2573; x_wconf 72' lang='lat' dir='ltr'>Statuamus</span> <span class='ocrx_word' id='word_1_179' title='bbox 600 2523 681 2591; x_wconf 80' lang='lat' dir='ltr'>capita</span> <span class='ocrx_word' id='word_1_180' title='bbox 692 2535 867 2593; x_wconf 77' lang='lat' dir='ltr'>permutantur.</span> <span class='ocrx_word' id='word_1_181' title='bbox 910 2539 942 2575; x_wconf 85' lang='lat' dir='ltr'>ex</span> <span class='ocrx_word' id='word_1_182' title='bbox 963 2523 1044 2594; x_wconf 71' lang='lat' dir='ltr'>Regg.</span> <span class='ocrx_word' id='word_1_183' title='bbox 1064 2519 1142 2575; x_wconf 91' lang='lat' dir='ltr'>codd.</span> <span class='ocrx_word' id='word_1_184' title='bbox 1160 2521 1265 2591; x_wconf 84' lang='lat' dir='ltr'>copula.</span> <span class='ocrx_word' id='word_1_185' title='bbox 1285 2521 1364 2575; x_wconf 84' lang='lat' dir='ltr'>Forte</span> <span class='ocrx_word' id='word_1_186' title='bbox 1378 2521 1416 2575; x_wconf 85' lang='lat' dir='ltr'>le·</span> 
     </span>
     <span class='ocr_line' id='line_1_23' title="bbox 359 2594 1217 2672; baseline 0.003 -23"><span class='ocrx_word' id='word_1_187' title='bbox 359 2594 520 2668; x_wconf 79' lang='lat' dir='ltr'>Exemptilia</span> <span class='ocrx_word' id='word_1_188' title='bbox 538 2600 583 2652; x_wconf 86' lang='lat' dir='ltr'>illa</span> <span class='ocrx_word' id='word_1_189' title='bbox 599 2600 679 2655; x_wconf 84' lang='lat' dir='ltr'>fnisse</span> <span class='ocrx_word' id='word_1_190' title='bbox 697 2600 823 2656; x_wconf 72' lang='lat' dir='ltr'>discimus</span> <span class='ocrx_word' id='word_1_191' title='bbox 835 2622 868 2657; x_wconf 81' lang='lat' dir='ltr'>ex</span> <span class='ocrx_word' id='word_1_192' title='bbox 908 2599 1042 2672; x_wconf 71' lang='lat' dir='ltr'>gendum,</span> <span class='ocrx_word' id='word_1_193' title='bbox 1051 2602 1152 2669; x_wconf 75' lang='lat' dir='ltr'>jurisve.</span> <span class='ocrx_word' id='word_1_194' title='bbox 1166 2600 1217 2653; x_wconf 82' lang='lat' dir='ltr'>En.</span> 
     </span>
     <span class='ocr_line' id='line_1_24' title="bbox 359 2675 1416 2752; baseline 0.004 -23"><span class='ocrx_word' id='word_1_195' title='bbox 359 2675 488 2730; x_wconf 80' lang='lat' dir='ltr'>Suetonio</span> <span class='ocrx_word' id='word_1_196' title='bbox 501 2678 530 2730; x_wconf 91' lang='lat' dir='ltr'>in</span> <span class='ocrx_word' id='word_1_197' title='bbox 544 2679 663 2745; x_wconf 87' lang='lat' dir='ltr'>Tiberio,</span> <span class='ocrx_word' id='word_1_198' title='bbox 674 2699 698 2734; x_wconf 88' lang='lat' dir='ltr'>c.</span> <span class='ocrx_word' id='word_1_199' title='bbox 710 2700 777 2734; x_wconf 83' lang='lat' dir='ltr'>xxn.</span> <span class='ocrx_word' id='word_1_200' title='bbox 788 2683 855 2735; x_wconf 78' lang='lat' dir='ltr'>Dar..</span> <span class='ocrx_word' id='word_1_201' title='bbox 950 2700 977 2752; x_wconf 90' lang='lat'>7.</span> <span class='ocrx_word' id='word_1_202' title='bbox 994 2682 1078 2751; x_wconf 81' lang='lat' dir='ltr'>ltaque</span> <span class='ocrx_word' id='word_1_203' title='bbox 1086 2680 1175 2733; x_wconf 79' lang='lat' dir='ltr'>nullius</span> <span class='ocrx_word' id='word_1_204' title='bbox 1190 2677 1286 2750; x_wconf 67' lang='lat' dir='ltr'>effigie,</span> <span class='ocrx_word' id='word_1_205' title='bbox 1298 2692 1349 2733; x_wconf 84' lang='lat' dir='ltr'>etc.</span> <span class='ocrx_word' id='word_1_206' title='bbox 1360 2680 1416 2733; x_wconf 88' lang='lat' dir='ltr'>Ita·</span> 
     </span>
     <span class='ocr_line' id='line_1_25' title="bbox 257 2756 1415 2831; baseline 0.003 -22"><span class='ocrx_word' id='word_1_207' title='bbox 257 2822 261 2825; x_wconf 11' lang='grc' dir='ltr'><strong><em>ᾖ</em></strong></span> <span class='ocrx_word' id='word_1_208' title='bbox 396 2762 424 2819; x_wconf 71' lang='grc'>4.</span> <span class='ocrx_word' id='word_1_209' title='bbox 449 2756 554 2809; x_wconf 76' lang='lat' dir='ltr'>Solibus.</span> <span class='ocrx_word' id='word_1_210' title='bbox 584 2758 616 2811; x_wconf 89' lang='lat' dir='ltr'>In</span> <span class='ocrx_word' id='word_1_211' title='bbox 647 2759 719 2811; x_wconf 84' lang='lat' dir='ltr'>illam</span> <span class='ocrx_word' id='word_1_212' title='bbox 746 2761 865 2831; x_wconf 86' lang='lat' dir='ltr'>capitum</span> <span class='ocrx_word' id='word_1_213' title='bbox 908 2776 960 2831; x_wconf 88' lang='lat' dir='ltr'>que</span> <span class='ocrx_word' id='word_1_214' title='bbox 974 2778 1057 2831; x_wconf 81' lang='lat' dir='ltr'>quum</span> <span class='ocrx_word' id='word_1_215' title='bbox 1073 2760 1162 2813; x_wconf 81' lang='lat' dir='ltr'>nullus</span> <span class='ocrx_word' id='word_1_216' title='bbox 1173 2760 1285 2816; x_wconf 79' lang='lat' dir='ltr'>exsistat,</span> <span class='ocrx_word' id='word_1_217' title='bbox 1295 2757 1341 2830; x_wconf 88' lang='lat' dir='ltr'>qui</span> <span class='ocrx_word' id='word_1_218' title='bbox 1355 2759 1415 2812; x_wconf 82' lang='lat' dir='ltr'>riva</span> 
     </span>
     <span class='ocr_line' id='line_1_26' title="bbox 357 2835 1416 2911; baseline 0.005 -24"><span class='ocrx_word' id='word_1_219' title='bbox 357 2835 580 2904; x_wconf 73' lang='lat' dir='ltr'>permutationem</span> <span class='ocrx_word' id='word_1_220' title='bbox 588 2839 683 2907; x_wconf 83' lang='lat' dir='ltr'>jactata</span> <span class='ocrx_word' id='word_1_221' title='bbox 697 2857 711 2890; x_wconf 89' lang='grc' dir='ltr'>ι</span> <span class='ocrx_word' id='word_1_222' title='bbox 723 2840 802 2910; x_wconf 87' lang='lat' dir='ltr'>plebe</span> <span class='ocrx_word' id='word_1_223' title='bbox 812 2859 865 2893; x_wconf 89' lang='lat' dir='ltr'>car·</span> <span class='ocrx_word' id='word_1_224' title='bbox 908 2836 963 2891; x_wconf 87' lang='lat' dir='ltr'>dici</span> <span class='ocrx_word' id='word_1_225' title='bbox 974 2856 1066 2891; x_wconf 86' lang='lat' dir='ltr'>eornm</span> <span class='ocrx_word' id='word_1_226' title='bbox 1078 2838 1177 2910; x_wconf 78' lang='lat' dir='ltr'>effigies</span> <span class='ocrx_word' id='word_1_227' title='bbox 1189 2837 1280 2911; x_wconf 84' lang='lat' dir='ltr'>possit,</span> <span class='ocrx_word' id='word_1_228' title='bbox 1289 2838 1416 2908; x_wconf 73' lang='lat' dir='ltr'>imagines</span> 
     </span>
     <span class='ocr_line' id='line_1_27' title="bbox 356 2910 1449 2989; baseline 0.005 -25"><span class='ocrx_word' id='word_1_229' title='bbox 356 2910 445 2979; x_wconf 88' lang='lat' dir='ltr'>mina,</span> <span class='ocrx_word' id='word_1_230' title='bbox 462 2913 542 2979; x_wconf 87' lang='lat' dir='ltr'>sales,</span> <span class='ocrx_word' id='word_1_231' title='bbox 555 2918 696 2989; x_wconf 86' lang='lat' dir='ltr'>jocosque,</span> <span class='ocrx_word' id='word_1_232' title='bbox 709 2917 810 2971; x_wconf 81' lang='lat' dir='ltr'>Plinius</span> <span class='ocrx_word' id='word_1_233' title='bbox 821 2920 866 2973; x_wconf 91' lang='lat' dir='ltr'>hic</span> <span class='ocrx_word' id='word_1_234' title='bbox 907 2916 1082 2989; x_wconf 83' lang='lat' dir='ltr'>relinquunt,</span> <span class='ocrx_word' id='word_1_235' title='bbox 1099 2936 1159 2989; x_wconf 73' lang='lat' dir='ltr'>qun</span> <span class='ocrx_word' id='word_1_236' title='bbox 1179 2934 1271 2971; x_wconf 84' lang='lat' dir='ltr'>eorum</span> <span class='ocrx_word' id='word_1_237' title='bbox 1292 2916 1414 2981; x_wconf 87' lang='lat' dir='ltr'>divitias,</span> <span class='ocrx_word' id='word_1_238' title='bbox 1446 2974 1449 2979; x_wconf 62' lang='grc'>,</span> 
     </span>
     <span class='ocr_line' id='line_1_28' title="bbox 354 2988 1415 3068; baseline 0.007 -25"><span class='ocrx_word' id='word_1_239' title='bbox 354 2988 492 3061; x_wconf 67' lang='lat' dir='ltr'>signifieat.</span> <span class='ocrx_word' id='word_1_240' title='bbox 501 2994 592 3048; x_wconf 85' lang='lat' dir='ltr'>Hasu.</span> <span class='ocrx_word' id='word_1_241' title='bbox 906 3014 962 3049; x_wconf 90' lang='lat' dir='ltr'>non</span> <span class='ocrx_word' id='word_1_242' title='bbox 980 3015 1038 3068; x_wconf 80' lang='lat' dir='ltr'>quse</span> <span class='ocrx_word' id='word_1_243' title='bbox 1053 2998 1154 3062; x_wconf 85' lang='lat' dir='ltr'>vultus,</span> <span class='ocrx_word' id='word_1_244' title='bbox 1167 3014 1320 3068; x_wconf 84' lang='lat' dir='ltr'>moresque,</span> <span class='ocrx_word' id='word_1_245' title='bbox 1333 3008 1360 3049; x_wconf 90' lang='lat' dir='ltr'>et</span> <span class='ocrx_word' id='word_1_246' title='bbox 1375 2996 1415 3050; x_wconf 82' lang='lat' dir='ltr'>la-</span> 
     </span>
     <span class='ocr_line' id='line_1_29' title="bbox 397 3070 1414 3148; baseline 0.005 -24"><span class='ocrx_word' id='word_1_247' title='bbox 397 3070 864 3143; x_wconf 79' lang='lat' dir='ltr'>5.Piuscothecos.Pinacothecss,aa·</span> <span class='ocrx_word' id='word_1_248' title='bbox 907 3088 948 3129; x_wconf 87' lang='lat' dir='ltr'>cta</span> <span class='ocrx_word' id='word_1_249' title='bbox 968 3078 1118 3147; x_wconf 84' lang='lat' dir='ltr'>exprimant</span> <span class='ocrx_word' id='word_1_250' title='bbox 1136 3093 1144 3130; x_wconf 73' lang='grc' dir='ltr'><strong><em>ε</em></strong></span> <span class='ocrx_word' id='word_1_251' title='bbox 1166 3103 1177 3125; x_wconf 83' lang='grc' dir='ltr'>ι</span> <span class='ocrx_word' id='word_1_252' title='bbox 1188 3094 1271 3148; x_wconf 88' lang='lat' dir='ltr'>opum</span> <span class='ocrx_word' id='word_1_253' title='bbox 1288 3092 1414 3141; x_wconf 86' lang='lat' dir='ltr'>suarum,</span> 
     </span>
     <span class='ocr_line' id='line_1_30' title="bbox 354 3150 1412 3225; baseline 0.007 -24"><span class='ocrx_word' id='word_1_254' title='bbox 354 3150 438 3203; x_wconf 83' lang='lat' dir='ltr'>maria</span> <span class='ocrx_word' id='word_1_255' title='bbox 452 3152 480 3205; x_wconf 92' lang='lat' dir='ltr'>in</span> <span class='ocrx_word' id='word_1_256' title='bbox 494 3152 591 3224; x_wconf 86' lang='lat' dir='ltr'>quihus</span> <span class='ocrx_word' id='word_1_257' title='bbox 602 3154 698 3207; x_wconf 84' lang='lat' dir='ltr'>tabulas</span> <span class='ocrx_word' id='word_1_258' title='bbox 711 3154 805 3225; x_wconf 78' lang='lat' dir='ltr'>pictas,</span> <span class='ocrx_word' id='word_1_259' title='bbox 817 3174 864 3209; x_wconf 82' lang='lat' dir='ltr'>cse-</span> <span class='ocrx_word' id='word_1_260' title='bbox 904 3172 960 3208; x_wconf 92' lang='lat' dir='ltr'>non</span> <span class='ocrx_word' id='word_1_261' title='bbox 979 3155 1125 3219; x_wconf 79' lang='lat' dir='ltr'>virtutum,</span> <span class='ocrx_word' id='word_1_262' title='bbox 1143 3167 1315 3209; x_wconf 85' lang='lat' dir='ltr'>monumenta</span> <span class='ocrx_word' id='word_1_263' title='bbox 1330 3154 1412 3208; x_wconf 84' lang='lat' dir='ltr'>relin-</span> 
     </span>
     <span class='ocr_line' id='line_1_31' title="bbox 354 3226 1131 3305; baseline 0.01 -26"><span class='ocrx_word' id='word_1_264' title='bbox 354 3226 438 3282; x_wconf 87' lang='lat' dir='ltr'>latum</span> <span class='ocrx_word' id='word_1_265' title='bbox 456 3244 608 3302; x_wconf 70' lang='lat' dir='ltr'>argentum,</span> <span class='ocrx_word' id='word_1_266' title='bbox 622 3234 744 3305; x_wconf 69' lang='lat' dir='ltr'>stragulo</span> <span class='ocrx_word' id='word_1_267' title='bbox 763 3246 860 3302; x_wconf 79' lang='lat' dir='ltr'>vestes,</span> <span class='ocrx_word' id='word_1_268' title='bbox 905 3247 999 3305; x_wconf 80' lang='lat' dir='ltr'>quant.</span> <span class='ocrx_word' id='word_1_269' title='bbox 1015 3259 1027 3281; x_wconf 78' lang='grc' dir='ltr'>ι</span> <span class='ocrx_word' id='word_1_270' title='bbox 1042 3234 1131 3287; x_wconf 85' lang='lat' dir='ltr'>llasn.</span> 
     </span>
     <span class='ocr_line' id='line_1_32' title="bbox 353 3306 1410 3378; baseline 0.007 -20"><span class='ocrx_word' id='word_1_271' title='bbox 353 3306 427 3378; x_wconf 76' lang='lat' dir='ltr'>signa</span> <span class='ocrx_word' id='word_1_272' title='bbox 455 3322 482 3363; x_wconf 83' lang='lat' dir='ltr'>et</span> <span class='ocrx_word' id='word_1_273' title='bbox 506 3310 556 3363; x_wconf 90' lang='lat' dir='ltr'>alia</span> <span class='ocrx_word' id='word_1_274' title='bbox 583 3309 679 3365; x_wconf 89' lang='lat' dir='ltr'>domus</span> <span class='ocrx_word' id='word_1_275' title='bbox 705 3327 861 3369; x_wconf 85' lang='lat' dir='ltr'>ornamenta</span> <span class='ocrx_word' id='word_1_276' title='bbox 945 3314 971 3367; x_wconf 83' lang='lat'>8.</span> <span class='ocrx_word' id='word_1_277' title='bbox 986 3314 1120 3367; x_wconf 75' lang='lat' dir='ltr'>Cerussata.</span> <span class='ocrx_word' id='word_1_278' title='bbox 1141 3314 1297 3377; x_wconf 81' lang='lat' dir='ltr'>ceromata,</span> <span class='ocrx_word' id='word_1_279' title='bbox 1315 3314 1410 3373; x_wconf 67' lang='lat' dir='ltr'>amsel-</span> 
     </span>
     <span class='ocr_line' id='line_1_33' title="bbox 352 3388 1412 3462; baseline 0.006 -24"><span class='ocrx_word' id='word_1_280' title='bbox 352 3388 860 3457; x_wconf 80' lang='lat' dir='ltr'>reponebantur.Ds1..-Psisacotlrecas.</span> <span class='ocrx_word' id='word_1_281' title='bbox 904 3411 968 3462; x_wconf 78' lang='lat' dir='ltr'>psa:</span> <span class='ocrx_word' id='word_1_282' title='bbox 991 3392 1079 3445; x_wconf 88' lang='lat' dir='ltr'>locum</span> <span class='ocrx_word' id='word_1_283' title='bbox 1103 3392 1149 3445; x_wconf 89' lang='lat' dir='ltr'>uhi</span> <span class='ocrx_word' id='word_1_284' title='bbox 1174 3391 1279 3446; x_wconf 85' lang='lat' dir='ltr'>athletas</span> <span class='ocrx_word' id='word_1_285' title='bbox 1300 3391 1412 3462; x_wconf 82' lang='lat' dir='ltr'>pulvere</span> 
     </span>
     <span class='ocr_line' id='line_1_34' title="bbox 352 3464 1410 3544; baseline 0.004 -25"><span class='ocrx_word' id='word_1_286' title='bbox 352 3464 547 3537; x_wconf 81' lang='lat' dir='ltr'>Looaspatiosa</span> <span class='ocrx_word' id='word_1_287' title='bbox 563 3470 692 3523; x_wconf 86' lang='lat' dir='ltr'>Veterum</span> <span class='ocrx_word' id='word_1_288' title='bbox 703 3471 861 3544; x_wconf 78' lang='lat' dir='ltr'>imaginibus</span> <span class='ocrx_word' id='word_1_289' title='bbox 903 3473 1154 3543; x_wconf 82' lang='lat' dir='ltr'>conspergehsnmr,</span> <span class='ocrx_word' id='word_1_290' title='bbox 1169 3482 1201 3523; x_wconf 90' lang='lat' dir='ltr'>nt</span> <span class='ocrx_word' id='word_1_291' title='bbox 1215 3468 1343 3541; x_wconf 87' lang='lat' dir='ltr'>prehendi</span> <span class='ocrx_word' id='word_1_292' title='bbox 1364 3468 1410 3523; x_wconf 86' lang='lat' dir='ltr'>lir-</span> 
     </span>
     <span class='ocr_line' id='line_1_35' title="bbox 352 3548 1411 3621; baseline 0.006 -25"><span class='ocrx_word' id='word_1_293' title='bbox 352 3558 491 3612; x_wconf 85' lang='lat' dir='ltr'>esornata,</span> <span class='ocrx_word' id='word_1_294' title='bbox 510 3548 552 3599; x_wconf 85' lang='lat' dir='ltr'>des</span> <span class='ocrx_word' id='word_1_295' title='bbox 568 3550 671 3618; x_wconf 71' lang='lat' dir='ltr'>galeria</span> <span class='ocrx_word' id='word_1_296' title='bbox 686 3550 716 3602; x_wconf 77' lang='lat' dir='ltr'>de</span> <span class='ocrx_word' id='word_1_297' title='bbox 735 3552 858 3605; x_wconf 70' lang='lat' dir='ltr'>sublacus.</span> <span class='ocrx_word' id='word_1_298' title='bbox 902 3549 1290 3621; x_wconf 72' lang='lat' dir='ltr'>miuspossent;aliiltastdriuts</span> <span class='ocrx_word' id='word_1_299' title='bbox 1299 3549 1411 3613; x_wconf 85' lang='lat' dir='ltr'>malunt,</span> 
     </span>
     <span class='ocr_line' id='line_1_36' title="bbox 350 3622 1407 3701; baseline 0.005 -27"><span class='ocrx_word' id='word_1_300' title='bbox 350 3622 499 3689; x_wconf 80' lang='lat' dir='ltr'>Vitruvius,</span> <span class='ocrx_word' id='word_1_301' title='bbox 511 3627 561 3692; x_wconf 84' lang='lat' dir='ltr'>vl,</span> <span class='ocrx_word' id='word_1_302' title='bbox 573 3628 600 3693; x_wconf 83' lang='lat'>5,</span> <span class='ocrx_word' id='word_1_303' title='bbox 611 3630 655 3682; x_wconf 90' lang='lat' dir='ltr'>cui</span> <span class='ocrx_word' id='word_1_304' title='bbox 667 3629 765 3684; x_wconf 87' lang='lat' dir='ltr'>lemma</span> <span class='ocrx_word' id='word_1_305' title='bbox 776 3631 861 3701; x_wconf 73' lang='lat' dir='ltr'>preli·</span> <span class='ocrx_word' id='word_1_306' title='bbox 902 3629 1018 3683; x_wconf 76' lang='lat' dir='ltr'>uticem</span> <span class='ocrx_word' id='word_1_307' title='bbox 1029 3630 1088 3683; x_wconf 87' lang='lat' dir='ltr'>oleo</span> <span class='ocrx_word' id='word_1_308' title='bbox 1095 3628 1179 3682; x_wconf 87' lang='lat' dir='ltr'>diluta</span> <span class='ocrx_word' id='word_1_309' title='bbox 1187 3628 1361 3698; x_wconf 78' lang='lat' dir='ltr'>ungebantur.</span> <span class='ocrx_word' id='word_1_310' title='bbox 1372 3628 1407 3679; x_wconf 88' lang='lat' dir='ltr'>D.</span> 
     </span>
     <span class='ocr_line' id='line_1_37' title="bbox 350 3705 1409 3779; baseline 0.003 -23"><span class='ocrx_word' id='word_1_311' title='bbox 350 3720 430 3768; x_wconf 84' lang='lat' dir='ltr'>xum,</span> <span class='ocrx_word' id='word_1_312' title='bbox 446 3730 457 3753; x_wconf 85' lang='grc' dir='ltr'>ι</span> <span class='ocrx_word' id='word_1_313' title='bbox 472 3705 513 3758; x_wconf 87' lang='lat' dir='ltr'>De</span> <span class='ocrx_word' id='word_1_314' title='bbox 532 3706 668 3766; x_wconf 86' lang='lat' dir='ltr'>tricliniis,</span> <span class='ocrx_word' id='word_1_315' title='bbox 690 3722 716 3761; x_wconf 87' lang='lat' dir='ltr'>et</span> <span class='ocrx_word' id='word_1_316' title='bbox 738 3709 811 3773; x_wconf 82' lang='lat' dir='ltr'>oecis,</span> <span class='ocrx_word' id='word_1_317' title='bbox 833 3724 859 3765; x_wconf 89' lang='lat' dir='ltr'>et</span> <span class='ocrx_word' id='word_1_318' title='bbox 902 3740 943 3751; x_wconf 91' lang='lat'>—</span> <span class='ocrx_word' id='word_1_319' title='bbox 969 3708 1104 3763; x_wconf 78' lang='lat' dir='ltr'>Cerussata.</span> <span class='ocrx_word' id='word_1_320' title='bbox 1119 3710 1232 3779; x_wconf 74' lang='lat' dir='ltr'>Kipupa</span> <span class='ocrx_word' id='word_1_321' title='bbox 1249 3724 1321 3759; x_wconf 87' lang='lat' dir='ltr'>nunc</span> <span class='ocrx_word' id='word_1_322' title='bbox 1336 3708 1409 3759; x_wconf 87' lang='lat' dir='ltr'>locus</span> 
     </span>
     <span class='ocr_line' id='line_1_38' title="bbox 347 3782 1407 3859; baseline 0.002 -24"><span class='ocrx_word' id='word_1_323' title='bbox 347 3782 544 3855; x_wconf 78' lang='lat' dir='ltr'>pinacothecis,</span> <span class='ocrx_word' id='word_1_324' title='bbox 560 3798 587 3839; x_wconf 88' lang='lat' dir='ltr'>et</span> <span class='ocrx_word' id='word_1_325' title='bbox 605 3806 698 3840; x_wconf 91' lang='lat' dir='ltr'>eorum</span> <span class='ocrx_word' id='word_1_326' title='bbox 719 3786 859 3843; x_wconf 87' lang='lat' dir='ltr'>dimensio·</span> <span class='ocrx_word' id='word_1_327' title='bbox 900 3799 940 3841; x_wconf 84' lang='lat' dir='ltr'>est</span> <span class='ocrx_word' id='word_1_328' title='bbox 954 3788 1092 3859; x_wconf 72' lang='lat' dir='ltr'>palestre,</span> <span class='ocrx_word' id='word_1_329' title='bbox 1103 3800 1147 3841; x_wconf 86' lang='lat' dir='ltr'>sut</span> <span class='ocrx_word' id='word_1_330' title='bbox 1162 3786 1301 3858; x_wconf 77' lang='lat' dir='ltr'>gymnasii,</span> <span class='ocrx_word' id='word_1_331' title='bbox 1309 3786 1338 3839; x_wconf 87' lang='lat' dir='ltr'>in</span> <span class='ocrx_word' id='word_1_332' title='bbox 1352 3804 1407 3858; x_wconf 81' lang='lat' dir='ltr'>qno</span> 
     </span>
     <span class='ocr_line' id='line_1_39' title="bbox 347 3862 1408 3938; baseline 0.004 -25"><span class='ocrx_word' id='word_1_333' title='bbox 347 3862 446 3915; x_wconf 87' lang='lat' dir='ltr'>nibus:</span> <span class='ocrx_word' id='word_1_334' title='bbox 473 3864 670 3928; x_wconf 84' lang='lat' dir='ltr'>Pinacothecas,</span> <span class='ocrx_word' id='word_1_335' title='bbox 689 3866 795 3938; x_wconf 87' lang='lat' dir='ltr'>inquit,</span> <span class='ocrx_word' id='word_1_336' title='bbox 818 3868 857 3921; x_wconf 86' lang='lat' dir='ltr'>nti</span> <span class='ocrx_word' id='word_1_337' title='bbox 901 3880 1045 3931; x_wconf 85' lang='lat' dir='ltr'>ceromate,</span> <span class='ocrx_word' id='word_1_338' title='bbox 1056 3867 1107 3921; x_wconf 91' lang='lat' dir='ltr'>hoc</span> <span class='ocrx_word' id='word_1_339' title='bbox 1121 3878 1174 3931; x_wconf 91' lang='lat' dir='ltr'>est,</span> <span class='ocrx_word' id='word_1_340' title='bbox 1187 3878 1323 3937; x_wconf 72' lang='lat' dir='ltr'>unguento</span> <span class='ocrx_word' id='word_1_341' title='bbox 1334 3862 1408 3936; x_wconf 86' lang='lat' dir='ltr'>quod</span> 
     </span>
     <span class='ocr_line' id='line_1_40' title="bbox 347 3940 1405 4020; baseline 0.005 -28"><span class='ocrx_word' id='word_1_342' title='bbox 347 3940 487 4009; x_wconf 84' lang='lat' dir='ltr'>exhedras,</span> <span class='ocrx_word' id='word_1_343' title='bbox 514 3942 608 4015; x_wconf 88' lang='lat' dir='ltr'>amplis</span> <span class='ocrx_word' id='word_1_344' title='bbox 624 3945 857 4020; x_wconf 30' lang='lat' dir='ltr'>&#39;magnitudinibus</span> <span class='ocrx_word' id='word_1_345' title='bbox 899 3963 930 3999; x_wconf 85' lang='lat' dir='ltr'>es</span> <span class='ocrx_word' id='word_1_346' title='bbox 941 3964 1001 3999; x_wconf 83' lang='lat' dir='ltr'>cera</span> <span class='ocrx_word' id='word_1_347' title='bbox 1014 3948 1094 4000; x_wconf 83' lang='lat' dir='ltr'>liehat</span> <span class='ocrx_word' id='word_1_348' title='bbox 1106 3947 1165 3999; x_wconf 86' lang='lat' dir='ltr'>oleo</span> <span class='ocrx_word' id='word_1_349' title='bbox 1176 3946 1297 4007; x_wconf 87' lang='lat' dir='ltr'>subacta,</span> <span class='ocrx_word' id='word_1_350' title='bbox 1309 3962 1405 4015; x_wconf 89' lang='lat' dir='ltr'>perun·</span> 
     </span>
     <span class='ocr_line' id='line_1_41' title="bbox 346 4021 1405 4095; baseline 0.003 -23"><span class='ocrx_word' id='word_1_351' title='bbox 346 4032 410 4073; x_wconf 86' lang='lat' dir='ltr'>sunt</span> <span class='ocrx_word' id='word_1_352' title='bbox 424 4021 624 4076; x_wconf 72' lang='lat' dir='ltr'>constituendo.</span> <span class='ocrx_word' id='word_1_353' title='bbox 639 4049 651 4070; x_wconf 77' lang='grc' dir='ltr'>ι</span> <span class='ocrx_word' id='word_1_354' title='bbox 669 4024 712 4077; x_wconf 91' lang='lat' dir='ltr'>Sic</span> <span class='ocrx_word' id='word_1_355' title='bbox 729 4024 854 4081; x_wconf 81' lang='lat' dir='ltr'>exhedras</span> <span class='ocrx_word' id='word_1_356' title='bbox 897 4025 1028 4095; x_wconf 79' lang='lat' dir='ltr'>gehantur</span> <span class='ocrx_word' id='word_1_357' title='bbox 1048 4025 1161 4079; x_wconf 83' lang='lat' dir='ltr'>athletas.</span> <span class='ocrx_word' id='word_1_358' title='bbox 1186 4024 1223 4075; x_wconf 86' lang='lat' dir='ltr'>Ea</span> <span class='ocrx_word' id='word_1_359' title='bbox 1241 4041 1307 4077; x_wconf 80' lang='lat' dir='ltr'>voce</span> <span class='ocrx_word' id='word_1_360' title='bbox 1326 4023 1405 4077; x_wconf 85' lang='lat' dir='ltr'>etiam</span> 
     </span>
     <span class='ocr_line' id='line_1_42' title="bbox 343 4092 1406 4177; baseline 0.003 -26"><span class='ocrx_word' id='word_1_361' title='bbox 343 4092 403 4150; x_wconf 82' lang='lat' dir='ltr'>loca</span> <span class='ocrx_word' id='word_1_362' title='bbox 425 4112 487 4153; x_wconf 87' lang='lat' dir='ltr'>sunt</span> <span class='ocrx_word' id='word_1_363' title='bbox 507 4100 629 4154; x_wconf 87' lang='lat' dir='ltr'>similiter</span> <span class='ocrx_word' id='word_1_364' title='bbox 646 4104 776 4173; x_wconf 83' lang='lat' dir='ltr'>spatiosa,</span> <span class='ocrx_word' id='word_1_365' title='bbox 796 4122 855 4177; x_wconf 76' lang='lat' dir='ltr'>quse</span> <span class='ocrx_word' id='word_1_366' title='bbox 898 4122 960 4158; x_wconf 87' lang='lat' dir='ltr'>usus</span> <span class='ocrx_word' id='word_1_367' title='bbox 973 4106 1072 4159; x_wconf 86' lang='lat' dir='ltr'>Seneca</span> <span class='ocrx_word' id='word_1_368' title='bbox 1084 4103 1118 4158; x_wconf 87' lang='lat' dir='ltr'>de</span> <span class='ocrx_word' id='word_1_369' title='bbox 1128 4104 1259 4157; x_wconf 77' lang='lat' dir='ltr'>Breuitate</span> <span class='ocrx_word' id='word_1_370' title='bbox 1275 4102 1350 4168; x_wconf 75' lang='lat' dir='ltr'>site,</span> <span class='ocrx_word' id='word_1_371' title='bbox 1361 4120 1406 4166; x_wconf 82' lang='lat' dir='ltr'>n,</span> 
     </span>
     <span class='ocr_line' id='line_1_43' title="bbox 342 4174 1113 4255; baseline 0.008 -26"><span class='ocrx_word' id='word_1_372' title='bbox 342 4174 854 4255; x_wconf 79' lang='lat' dir='ltr'>sedeshshent‚inquihusphilosophi‚</span> <span class='ocrx_word' id='word_1_373' title='bbox 897 4202 925 4253; x_wconf 86' lang='lat' dir='ltr'>p.</span> <span class='ocrx_word' id='word_1_374' title='bbox 941 4182 1113 4253; x_wconf 77' lang='lat' dir='ltr'>7³3.11mn.</span> 
     </span>
    </p>
   </div>
   <div class='ocr_carea' id='block_1_4' title="bbox 0 0 1554 5125">
    <p class='ocr_par' dir='ltr' id='par_1_4' title="bbox 0 0 1554 5125">
     <span class='ocr_line' id='line_1_44' title="bbox 0 0 1554 5125; baseline 0 8"><span class='ocrx_word' id='word_1_375' title='bbox 0 0 1554 5125; x_wconf 95' lang='lat' dir='ltr'> </span> 
     </span>
    </p>
   </div>
  </div>
 </body>
</html>
