3100 5125
453 488 607 557 LIBER
632 488 823 557 XXXIII.
1110 489 1177 559 ΗΒ

95 618 300 705 Firmiana¹,
318 642 411 688 nunc
434 618 614 703 Clodiana,
637 646 726 690 nunc
745 622 924 690 Gratiana²
947 646 954 688 :
977 623 1100 691 etenim
1123 638 1177 693 ta·

96 712 240 796 bernas³
259 726 382 795 mensis
397 722 649 819 adoptavimus:
667 750 758 797 nuuc
775 715 981 823 anaglypta⁴,
1003 730 1036 797 in
1053 731 1178 823 asperi·

98 849 274 927 tatemque
294 831 423 919 excisa,
440 817 724 902 cirea⁵linenrum
741 836 888 927 picturas
901 836 1086 927 querimus.
1100 838 1176 929 iarn

99 965 185 1009 vero
197 955 235 1007 et
249 942 283 1008 in
299 961 431 1007 mensas
448 940 649 1031 repositoriis
663 924 895 1034 imponimns⁶,
916 954 949 1009 ct
961 940 1003 1009 ad
1016 942 1177 1011 sustinen-

100 1046 144 1113 da
162 1046 308 1114 obsonia
329 1043 565 1113 interradimus
586 1043 730 1113 latera⁷:
753 1061 786 1115 et
803 1032 970 1135 interest⁸,
988 1072 1087 1140 quam
1106 1046 1179 1141 plu·

99 1154 229 1220 rimum
267 1150 349 1219 lima
381 1149 573 1243 perdiderit.
608 1150 714 1219 Vasa⁹
743 1152 934 1245 coquinaria
964 1142 1006 1221 ex
1040 1169 1178 1249 argento

138 1352 243 1404 mx.
258 1368 284 1403 r.
296 1350 432 1402 thtm.
440 1346 485 1401 Sic
497 1366 529 1401 ex
540 1347 618 1402 MSS.
665 1348 746 1403 mine.
760 1349 838 1404 Prius
852 1352 986 1423 legehstur
997 1370 1004 1403 τ
1016 1352 1073 1405 Jam
1086 1373 1145 1406 vero
1154 1364 1179 1406 ct

99 1446 162 1504 post
175 1430 334 1483 Pintiannm
348 1426 432 1482 Hard.
438 1428 559 1495 saraiam
570 1428 618 1482 Gr.
665 1449 772 1497 memes,
793 1430 888 1484 vocula
909 1434 946 1496 iu,
969 1431 1079 1497 litteris,
1095 1452 1109 1486 n
1126 1430 1179 1506 qua

100 1523 127 1564 et
140 1512 183 1563 ΔΙ.
195 1510 253 1563 En.
664 1527 777 1581 sequens
801 1510 960 1563 vocobulum
981 1511 1089 1583 incipit,
1110 1512 1176 1567 vici·

143 1610 171 1643 a.
190 1590 271 1643 Nm
283 1586 417 1641 Gratim.
435 1586 550 1639 Martini.
565 1586 616 1648 lv,
663 1588 747 1642 nitate
770 1590 903 1661 absorpta.
931 1590 1039 1643 Petron.
1065 1591 1094 1644 in
1121 1593 1175 1647 Sat.

100 1672 151 1740 Ep.
169 1687 272 1723 xxxix:
289 1692 301 1714 ι
316 1665 426 1737 Argenti
441 1684 524 1737 genus
536 1684 618 1720 omne
663 1686 693 1738 p.
711 1686 766 1737 ¹¹7
783 1689 790 1720 z
807 1668 1020 1723 «Laudationem
1045 1670 1176 1725 ferculum
1263 1664 1268 1673 ¹

101 1748 273 1819 comparati,
285 1746 322 1799 Et
328 1747 402 1799 solus
411 1757 513 1798 veteres
524 1740 619 1816 Myro·
664 1759 704 1800 est
715 1747 902 1818 inaequatum,
916 1750 994 1819 plane
1006 1766 1060 1802 uon
1071 1770 1121 1822 pro
1133 1770 1177 1805 ex·

101 1831 242 1891 ahma,
257 1825 492 1883 SolnsPrnxitelis
512 1843 618 1889 manus,
663 1827 1175 1899 spectationemagnnmcnovitastamen

102 1909 266 1980 Soopoqne,
277 1906 354 1959 Solus
364 1902 486 1971 Phidiaci
498 1918 619 1958 toreuma
662 1906 783 1959 omniurn
803 1908 934 1961 convertit
952 1907 1051 1962 oculos.
1072 1910 1175 1962 Rotun-

101 1989 169 2053 ccli,
181 1987 264 2039 Solus
280 1986 434 2039 Mentoreos
448 1984 529 2037 habes
543 1985 619 2037 lobo-
665 1984 728 2037 dum
739 1986 810 2039 enim
828 1987 1013 2058 repositorium
1032 1986 1176 2043 duodecim

102 2086 152 2121 scs
176 2068 236 2120 Nec
253 2063 352 2118 desunt
369 2065 419 2116 tibi
437 2082 498 2116 sera
512 2064 619 2117 Gratia·
663 2064 778 2119 habehat
799 2067 871 2137 signs
891 2065 919 2119 in
939 2066 1006 2120 orbe
1024 2066 1173 2139 disposita:

101 2166 145 2211 ιο,
155 2144 404 2218 necaneCallaico
412 2143 533 2195 linuntur
541 2161 618 2209 auro,
663 2161 812 2217 superque,
844 2145 983 2217 proprium
1012 2149 1174 2203 convenien-

102 2228 157 2281 uec
166 2225 270 2279 mensis
278 2224 421 2295 anaglypta
429 2221 463 2275 de
473 2224 614 2293 paternis.»
664 2236 770 2297 temque
785 2227 900 2278 materiis
914 2238 1027 2279 structor
1038 2227 1174 2299 imposue-

141 2308 167 2360 3.
181 2307 285 2358 Eteaias
298 2304 418 2356 κύσω.
430 2302 616 2355 steruarnm
662 2306 837 2358 rusilium.»
850 2306 884 2358 Η.
897 2334 937 2346 -
946 2307 976 2358 Ia
987 2324 1086 2359 mensas.
1096 2308 1171 2360 Brot.

103 2388 210 2439 nomina
232 2402 332 2437 mense
354 2381 503 2436 adsciscunt
519 2400 526 2435 :
542 2375 617 2453 quod
661 2384 744 2435 erut.
758 2398 819 2437 unte
831 2382 1062 2449 Hardetmensas,
1075 2386 1172 2441 omissa

102 2467 199 2519 bahent
212 2483 230 2518 e
245 2466 301 2517 suis
316 2479 429 2535 qunque
443 2461 556 2515 tabernis
571 2480 616 2515 vs·
661 2481 759 2533 nempe
772 2463 971 2535 propositione.
985 2464 1037 2517 En.

104 2567 137 2600 ss.
150 2547 250 2600 fluu-
702 2560 728 2612 7.
743 2543 844 2595 Latera.
857 2542 1000 2614 signorum
1012 2544 1127 2612 scilicet,
1142 2556 1171 2600 ut

141 2635 167 2691 4.
181 2625 342 2698 Anglrptu.
354 2623 405 2678 Vel
416 2622 554 2693 ἀνάγλυφα,
564 2623 616 2676 boc
645 2623 803 2676 'Petronius
818 2623 854 2676 ait
874 2624 936 2676 loco
957 2625 1050 2687 illuto,
1066 2643 1112 2677 seu
1127 2641 1171 2678 vo·

104 2719 152 2772 cst,
171 2725 262 2775 aspera
277 2707 355 2775 εἰμὶε
363 2703 466 2774 γωνία,
486 2714 515 2754 nt
525 2702 616 2773 Virgi-
660 2719 764 2766 mrum,
779 2721 837 2776 quis
851 2703 917 2756 cibis
930 2717 1023 2757 onusta
1038 2702 1169 2775 reposito·

103 2787 150 2840 lius
163 2785 277 2840 cecinit.
292 2785 384 2837 IInn.
398 2811 440 2827 -·-
450 2783 612 2854 Amglypta,
659 2782 704 2835 riis
722 2782 938 2854 imponebantur.
954 2784 995 2835 De
1013 2801 1077 2836 voce
1097 2787 1170 2836 inter·

103 2867 142 2919 sel
155 2865 314 2937 anaglypha,
326 2863 368 2914 des
379 2863 498 2914 obelum.
511 2863 565 2914 Eo.
660 2862 759 2925 rudere,
771 2863 872 2933 egimus
883 2863 952 2927 ΧΠ,
968 2870 1014 2927 da.
1028 2860 1120 2914 Hann.

140 2948 170 3000 5.
193 2945 271 2999 Circa
297 2946 412 2996 imarum
438 2945 555 3012 picum.
582 2941 615 2992 In
646 2961 652 2969 ·
701 2945 728 2995 8.
747 2941 785 2993 Et
804 2947 914 3005 mteresr,
933 2953 985 2995 etc.
1004 2943 1115 3014 Interest
1126 2941 1168 2996 'ad

102 3044 225 3079 morum
241 3036 270 3076 et
281 3023 441 3094 poculorum
457 3021 558 3074 ambitu
573 3021 616 3091 pi·
659 3021 802 3086 lautitiam,
815 3023 975 3092 luxumque,
989 3022 1087 3075 habere
1098 3041 1168 3090 vasa,

102 3119 153 3159 ctas
168 3107 255 3158 tineas
266 3099 526 3174 querimusllanu.
658 3100 785 3177 lateribus
796 3101 941 3165 interrasis3
951 3101 1003 3154 hoc
1017 3115 1068 3168 est,
1082 3103 1168 3173 pluris

140 3189 168 3238 6.
183 3185 344 3255 Repositoriis
360 3183 508 3252 imponimus.
530 3181 616 3250 llepo·
659 3181 849 3233 estimantur-o
864 3181 1004 3234 luxuriosis
1014 3181 1167 3234 hominibus

101 3265 210 3328 sitoria,
227 3283 301 3316 nunc
318 3279 467 3314 mensarum
480 3260 567 3312 fulcra
583 3255 614 3312 cit
660 3278 703 3326 es,
713 3261 813 3332 quibus'
822 3259 885 3313 lima
894 3258 1011 3312 radendo
1023 3279 1052 3313 ac
1065 3262 1167 3332 polien-

100 3345 289 3416 spaaesicps'pc,
307 3359 380 3394 nunc
394 3357 454 3412 quie
468 3339 567 3392 l'croula
589 3349 616 3392 et
659 3339 696 3391 do
720 3339 866 3410 plurimum
890 3340 990 3410 argenti
1014 3339 1165 3393 detraxerit.

102 3423 212 3477 chunia
222 3422 362 3475 sustinent.
376 3423 523 3473 Dirru-
535 3421 614 3488 Repo·
658 3422 760 3472 Aurum
775 3419 921 3471 interrasile
942 3421 979 3472 sic
1001 3431 1076 3490 antea
1097 3417 1166 3472 discit

103 3507 201 3556 ιίωνιῖι.
212 3503 284 3554 Vasa
294 3501 463 3571 aitargentca
473 3497 501 3552 in
511 3517 614 3552 mensas
658 3499 725 3562 XII,
739 3499 788 3563 43.
802 3515 853 3570 qua
868 3498 902 3551 de
915 3515 980 3553 voce
991 3517 1039 3552 nos
1051 3499 1090 3552 ibi
1101 3498 1165 3571 prbe

104 3583 237 3653 proferri,
258 3581 415 3652 imponique
433 3578 614 3648 repositoriis,
655 3577 708 3630 lise
720 3578 831 3648 egimus.
845 3579 934 3631 Hsnn.

104 3662 133 3716 id
144 3675 199 3727 est,
211 3660 292 3714 discis
301 3659 450 3730 majoribus
459 3675 505 3710 seu
518 3658 616 3710 tabulis
699 3678 724 3727 9.
737 3659 806 3709 Vasa
812 3662 950 3730 coquinaria
959 3679 990 3711 ex
997 3672 1097 3730 urgento
1109 3659 1167 3712 Cal·

104 3743 211 3809 ligneis,
225 3737 358 3803 rotmtdis,
372 3737 528 3808 solidisque,
541 3750 571 3791 ut
581 3755 613 3790 ex
659 3755 699 3790 σω
716 3750 800 3789 orator
808 3737 867 3808 fieri
888 3743 995 3811 queritur
1015 3739 1064 3801 (sio
1079 3729 1165 3806 olim).

107 3821 251 3875 Fenestella
280 3837 345 3872 mox
373 3818 475 3870 Plinius
503 3816 614 3884 edocet,
659 3818 804 3870 Voss-cx
814 3831 924 3890 argento
935 3819 992 3871 lieri
1003 3819 1098 3872 Calvus
1108 3823 1168 3870 or'a·

107 3919 165 3973 sap.
179 3902 226 3954 52.
238 3899 342 3953 Eodem
353 3899 381 3952 in
396 3917 445 3950 usu
459 3897 546 3962 fuere,
560 3915 616 3967 quo
660 3909 704 3950 tor
718 3897 836 3966 quiritut.
853 3923 864 3944 ι
883 3899 979 3952 Manus
1001 3897 1109 3968 sequior
1124 3913 1169 3965 quc

109 4000 194 4051 nuper
209 3999 254 4046 ea,
264 3999 325 4051 quas
337 3979 432 4049 gallice
448 3975 615 4037 dicebantur,
660 3976 1032 4049 iecit.Sinceriussntiqnum.
1043 3977 1089 4029 Est
1097 3977 1171 4031 enim

110 4059 150 4111 des
158 4063 354 4130 porte-essiones.
372 4060 414 4111 Ex
431 4057 536 4110 metullo
550 4055 618 4110 fiunt
661 4057 919 4129 quiritarc,tanqnam
928 4056 1025 4110 adrem
1034 4053 1171 4128 indignum

112 4139 139 4190 in
153 4140 255 4194 familiis
265 4138 450 4195 lautioribns:
466 4136 538 4201 ruri,
551 4155 566 4190 c
578 4137 624 4190 si³
664 4135 814 4200 Qniritium
826 4135 908 4212 iidem
922 4137 1058 4191 invocare.
1070 4136 1171 4200 Livius,

180 4243 242 4310 IX.
1032 4235 1053 4304 8
