3100 5125
512 492 670 560 ranna
694 493 875 560 xxxiv.
1153 517 1222 590 ης,

148 618 276 690 eadem
301 636 428 692 natura
447 623 648 718 benignitas,
671 625 831 718 exigentis
857 647 875 692 a
901 624 989 694 ferro
1015 625 1085 718 ipso
1108 651 1222 718 poenas·

149 725 331 820 rubigine:
350 727 530 823 eademque
544 729 751 823 providentia
769 728 850 798 nihil
867 731 901 797 in
920 730 1018 798 rebus
1033 731 1224 802 mortalibus

150 819 331 916 faciente⁸‚
351 857 450 927 quam
468 833 558 928 quod
575 834 821 904 infestissimum
840 834 1038 904 mortalitati.

206 939 307 1006 XLI.
328 941 422 1008 Ferri
441 938 572 1008 metalla
591 940 713 1034 ubique
736 941 977 1035 propemodum
1001 944 1225 1036 reperiuntur,
1247 981 1257 1014 ι

151 1043 288 1136 quippe
303 1043 410 1114 insula
426 1047 528 1114 eham
541 1044 644 1114 ltaliae
661 1044 750 1114 llva¹
765 1046 937 1141 gignente:
950 1048 1151 1141 minimaque
1167 1049 1226 1117 dif-

153 1145 312 1218 ficultate
331 1165 589 1244 cognoscuntur,
609 1152 682 1245 ipso
702 1150 814 1241 colore
834 1166 929 1220 terrae
952 1152 1137 1222 manifesto.
1162 1155 1226 1223 Sed

153 1255 243 1322 ratio
264 1253 401 1323 eadem'
420 1256 640 1350 excoquendis
660 1260 763 1326 venis.
792 1261 833 1325 ln
860 1256 1073 1354 Cappadocia
1097 1273 1224 1328 tantum

154 1362 301 1451 quaestio
317 1375 387 1446 est,
407 1385 500 1456 aquae
515 1386 558 1431 an
575 1377 670 1432 terrae
686 1362 745 1432 fiat
760 1378 953 1457 accep-tum,
970 1365 1128 1459 quoniam
1147 1389 1225 1458 per·

155 1462 234 1533 fusa
256 1481 352 1536 certo
371 1467 473 1536 fluvio
491 1482 597 1553 terra,
618 1493 724 1562 neque
740 1467 836 1538 aliter
856 1468 980 1538 sermm
1000 1495 1018 1538 e
1037 1470 1226 1539 fornacibus
1314 1495 1318 1504 ’

157 1569 284 1646 reddit.
299 1559 515 1642 Differentia³
531 1573 610 1643 ferri
625 1599 812 1644 numerosa.
824 1577 934 1644 Prima
948 1577 981 1643 in
996 1599 1115 1671 genere
1132 1590 1227 1646 terrae
1246 1631 1260 1663 2

158 1675 286 1746 caetive.
307 1677 387 1749 Aliae
410 1677 508 1748 molle
536 1693 682 1766 tantum,
710 1678 913 1776 plumboque
936 1682 1074 1756 vicinius
1100 1685 1227 1754 sulami-

159 1783 308 1853 nistrant
329 1809 337 1851 ε
363 1782 434 1852 aliae
455 1783 572 1880 fragile
592 1801 627 1854 et
647 1811 807 1871 aronam,
825 1801 1038 1882 rotarumque
1060 1788 1173 1858 usibus
1195 1804 1228 1857 et

66 1945 69 1952 .
162 1886 268 1957 clavis
284 1891 426 1960 maxime
441 1889 654 1984 fugiendum,
669 1892 722 1960 cni
740 1893 831 1985 prior
850 1895 934 1961 ratio
948 1893 1112 1962 convenit.
1130 1893 1228 1962 Aliud

162 1991 328 2064 brevitate
351 1993 418 2064 sola
441 1995 566 2088 placet,
588 1995 754 2092 clavisque
772 1984 974 2094 caligariis⁴2
997 1996 1087 2066 aliud
1105 1999 1227 2093 rubigi-

165 2123 244 2168 nem
260 2099 400 2172 celerius
416 2102 523 2171 sentit.
540 2089 726 2172 Stricturae⁵
741 2118 904 2175 vocantur
924 2103 978 2173 hae
996 2129 1126 2194 ornnes,
1140 2105 1231 2198 quod

207 2365 238 2419 8.
247 2363 371 2418 Faciente.
385 2364 459 2419 MSS.
467 2366 589 2434 facientis.
604 2364 639 2418 tl.
721 2368 800 2435 cujus
809 2363 837 2417 in
848 2360 988 2416 laudandis
997 2363 1148 2416 auctoribus
1158 2363 1232 2416 hauri

208 2444 282 2497 xm.
308 2463 333 2497 ι.
356 2445 421 2497 Ilva.
436 2445 507 2497 Vide
528 2461 586 2516 qun
608 2443 679 2497 dicta
720 2444 831 2497 satisest
846 2439 1065 2512 exploratafides.
1077 2443 1229 2495 n.-1na.

168 2535 231 2577 sunt
245 2524 298 2588 111,
322 2543 366 2577 n.
377 2523 484 2578 Serviin
498 2525 527 2577 in
540 2521 607 2577 illud
619 2523 678 2577 lda-
722 2521 870 2577 Plurimum
885 2519 1018 2591 hodieque
1032 2520 1095 2574 ferri
1113 2539 1145 2575 ex
1161 2523 1231 2576 cele·

170 2604 259 2668 mss,
275 2602 379 2658 anea.
393 2606 440 2669 x,
463 2614 528 2657 aa
544 2605 602 2657 ava
623 2615 678 2656 ee
721 2590 1114 2671 samaritanorumque)
1134 2601 1231 2655 rodan

170 2694 275 2748 centos,
296 2684 386 2736 insula
407 2683 568 2736 inexhaustis
581 2684 680 2753 chaly-
721 2681 835 2745 eruitm·‚
853 2679 934 2752 hujus
958 2692 985 2733 et
1006 2680 1102 2751 optimi
1123 2680 1231 2751 quidem

172 2761 235 2813 bum
250 2780 377 2832 generosa
389 2764 515 2826 metallis,
530 2789 542 2810 ι
564 2760 679 2834 amplius
722 2761 822 2815 metalli
834 2752 886 2829 (ser
894 2761 998 2829 uligine,
1012 2760 1127 2829 perarida
1139 2760 1169 2811 de
1177 2762 1231 2828 ser)

171 2840 274 2912 aliquid
295 2841 366 2913 apud
387 2842 504 2895 Plinium
524 2843 616 2913 legisse
634 2841 679 2894 hic
722 2839 907 2903 feracissimis,
921 2856 1071 2910 quanquam
1085 2852 1110 2891 et
1125 2858 1174 2910 per
1190 2852 1232 2893 to·

172 2919 258 2973 sideri
278 2934 369 2991 quest3
387 2921 408 2973 si
425 2920 546 2974 habenda
570 2923 595 2973 ei
614 2920 680 2974 fides
722 2934 776 2974 tam
787 2920 842 2973 sere
853 2920 987 2988 Europam
1000 2917 1141 2988 reperitur.
1152 2919 1206 2971 En.

172 3012 211 3051 est
224 3018 231 3051 :
244 3000 325 3053 verba
339 3003 397 3069 ejus
409 3015 469 3054 sunt
477 2999 678 3071 hujuscemodi:
766 3019 791 3054 a.
813 3000 888 3051 flutio
902 2997 992 3049 eudem.
1005 2998 1070 3061 Quas
1082 2999 1138 3051 nris
1148 2998 1231 3068 eaph'·

172 3099 183 3121 ι
196 3080 342 3131 inmensis
372 3080 523 3152 Chalybum
556 3096 681 3151 generosa
724 3091 790 3132 csta.
803 3079 893 3130 Hann·

173 3158 304 3211 metallis:
321 3172 423 3230 quanto
443 3159 566 3211 exhausta
584 3158 682 3224 fuerit,
765 3159 792 3210 3.
805 3154 1035 3227 Dissemntiu.lsid.
1048 3154 1124 3217 XVI,
1144 3173 1186 3209 no.
1197 3156 1231 3207 H.

174 3250 249 3290 tanto
264 3239 430 3309 generosior,
446 3238 500 3289 hoc
511 3251 566 3303 est,
577 3240 681 3309 πολυγό·
724 3239 806 3289 -De
819 3236 883 3290 ferri
896 3234 1053 3289 differentiis
1064 3234 1098 3285 ci.
1111 3235 1177 3287 Eae.
1191 3234 1234 3286 lli

173 3336 224 3375 νος.
237 3318 309 3388 Ergo
329 3321 354 3369 ia
367 3319 487 3370 exinanis
502 3335 557 3369 non
577 3330 616 3371 est
628 3336 681 3370 unu
723 3316 757 3369 sd
772 3316 837 3369 cale.
853 3317 908 3387 huj.
924 3314 972 3367 lib.
986 3314 1040 3366 En.

173 3412 235 3465 para
249 3398 396 3449 orationis:
413 3415 528 3467 namque
545 3395 610 3449 dicit
627 3396 682 3448 Pli·
725 3438 730 3445 .
766 3401 793 3458 4.
818 3394 945 3466 Clavr'sqae
970 3394 1102 3462 caligariis.
1125 3394 1233 3445 Inonem

173 3475 235 3529 nius
247 3476 390 3530 Secundus
407 3492 414 3528 :
429 3477 518 3541 Quum
531 3475 558 3527 in
571 3475 628 3528 aliis
640 3492 682 3528 re·
726 3475 832 3527 exhibet
844 3474 949 3545 caligae,
962 3473 1032 3526 libro
1043 3472 1186 3543 singulari,
1200 3472 1234 3524 de

175 3554 299 3625 girinibus
312 3556 414 3609 effossis
421 3556 534 3608 metallis
544 3567 622 3607 terra
632 3555 683 3608 sint
726 3554 808 3625 caliga
818 3553 963 3615 Veterum,
978 3552 1122 3621 Nigr-onius
1137 3564 1235 3613 noster,

176 3652 278 3699 vacare,
297 3634 368 3707 apud
389 3636 471 3687 Ilvam
491 3634 545 3687 boc
563 3652 618 3688 esse
635 3634 684 3685 rni-
725 3634 775 3685 sub
789 3628 869 3684 finem
884 3632 980 3703 operis.
991 3630 1152 3683 H.-Tacit.
1162 3630 1234 3683 Ano.

176 3732 236 3766 rum
246 3754 255 3779 ,
266 3716 367 3767 sublata
383 3727 565 3777 renascuntur,
585 3727 612 3765 et
625 3732 684 3765 rnr-
726 3713 791 3776 hdr
802 3729 808 3762 ι
820 3711 945 3763 statiani
955 3710 1083 3761 vocabulo
1093 3708 1185 3761 Caium
1198 3728 1237 3762 cn.

176 3811 220 3844 sus
243 3791 277 3845 de
306 3793 398 3846 iisdem
421 3794 487 3845 locis
506 3790 682 3846 effodiuntur.
727 3792 835 3863 ligulam
847 3788 1106 3861 appellabant,quiu
1119 3788 1236 3856 plerum-

179 3872 266 3924 Vsrro
277 3872 384 3925 etalind
394 3870 477 3933 dicit,
490 3872 560 3925 nasci
575 3870 683 3942 quidem
727 3888 780 3941 qne
793 3868 825 3922 scl
839 3866 1005 3923 concilianda
1016 3868 1087 3935 vulgi
1103 3865 1191 3919 studia
1205 3885 1239 3919 eo

178 3950 232 4004 illic
244 3952 358 4018 ferrum,
372 3950 457 4004 sedin
469 3944 618 4004 stricturam
629 3968 683 4003 non
728 3950 844 4019 tegmine
854 3946 954 4019 pedum
963 3944 1131 3999 induebatur.
1142 3972 1152 3992 ι
1166 3946 1217 3999 En.

179 4032 337 4101 posaecogi,
350 4031 398 4084 nisi
410 4044 586 4084 transvectum
598 4031 625 4082 in
636 4030 686 4081 Po·
771 4029 797 4082 5.
813 4029 938 4081 Strictum
959 4036 1087 4088 uocantur,
1107 4038 1157 4077 etc.
1174 4025 1240 4079 seri·-

179 4110 315 4177 puloniaus
334 4111 438 4163 'l'nscias
457 4110 607 4173 civitatem,
635 4107 686 4179 ipsi
730 4119 805 4159 etune
819 4108 908 4159 Nonio
920 4104 1040 4157 scintille
1056 4103 1118 4155 ferri
1134 4104 1242 4158 ferren-¹

180 4186 272 4242 insulu
301 4189 451 4242 vicinam.-
478 4190 539 4241 fiac
564 4189 687 4252 Servius,
733 4188 780 4251 tis,
795 4186 868 4257 quod
884 4186 985 4247 stricte,
1004 4181 1031 4236 id
1047 4196 1100 4246 est,
1115 4184 1234 4247 celeriter

1059 4264 1124 4341 ‘15³
