3100 5125
449 462 612 533 LIBER
637 463 828 536 XXXIII.
1128 469 1174 542 33

98 617 179 661 auro
198 591 282 689 geri.
301 593 359 661 Ita
373 592 531 663 hercules
547 618 555 663 ε
571 594 658 665 idem
676 598 765 665 enim
780 610 836 683 tu,
852 582 986 684 Rru'te',
999 597 1175 674 mulierum

96 686 259 793 pedibus⁴
274 722 399 767 aurum
413 701 538 795 gestari
552 688 713 772 tacuisti⁵.
734 692 782 771 Et
793 726 854 771 nos
868 700 999 773 sceleris
1007 708 1175 800 arguimus

96 803 281 897 illum‚qui
301 791 453 899 primus⁶
479 832 562 878 auro
584 807 779 902 dignitatem
805 832 865 902 per
888 809 1005 880 anulos
1024 810 1119 899 fecit,
1138 829 1177 885 ut

96 910 244 979 babeant
264 912 303 977 in
325 909 462 982 lacertis
478 914 548 1007 jam
566 907 693 1008 pridem
711 928 744 983 et
759 915 841 1002 viri,
859 915 949 1008 quod
969 940 988 984 e
1008 919 1176 999 Dardanis

96 1016 204 1104 venit,
231 1018 350 1111 itaque
374 1032 409 1087 et
430 1018 626 1091 Dardanum
652 1019 864 1089 vocabatur⁷.
886 1021 1019 1092 Viniolae
1041 1023 1177 1097 Celticae

97 1122 257 1191 dicuntum
269 1148 279 1191 ε
293 1110 408 1193 viriae⁸
420 1123 637 1197 Celtibericae.
652 1125 807 1206 Habeant
822 1126 974 1198 feminae⁹
993 1129 1029 1197 in
1041 1131 1175 1201 armillis
1194 1171 1208 1205 ι

97 1334 143 1369 rar.
163 1314 201 1369 de
215 1318 259 1369 Re
275 1316 354 1370 Vest.
372 1329 448 1387 parte
461 1318 499 1383 11,
512 1317 561 1371 lib.
575 1320 619 1385 11,
663 1316 782 1383 Habent,
797 1329 847 1371 etc.
857 1346 870 1365 ι
882 1319 1075 1375 Ornamentum
1087 1321 1115 1376 id
1128 1325 1175 1379 Isi·

96 1414 150 1469 cap
165 1396 243 1467 8,p.
264 1394 437 1451 nutum
571 1454 573 1459 ,
663 1395 745 1451 dorus
769 1397 835 1451 viris
858 1410 886 1451 et
905 1400 1013 1454 feminis
1032 1420 1175 1457 commune

135 1474 159 1528 3.
176 1478 218 1529 At
235 1476 350 1529 hercules
361 1476 423 1527 idere
435 1488 474 1540 tu,
487 1476 573 1529 Brute.
586 1479 618 1531 In
662 1477 760 1528 deutrus
789 1491 883 1544 vocat,
917 1479 998 1551 vulgo
1029 1480 1171 1547 brumum

95 1553 206 1620 dem,
218 1577 231 1599 ι
245 1557 285 1609 ita
296 1555 444 1609 Hercules:
458 1553 532 1609 idem
547 1557 617 1611 enim
662 1556 753 1627 aitque
771 1569 833 1610 ante
852 1556 984 1611 manicam
1007 1562 1129 1631 portari,
1145 1576 1174 1617 et

94 1636 246 1700 tn,Brute.
261 1661 273 1683 ι
289 1636 374 1689 Pur.
661 1634 700 1687 ibi
714 1636 790 1690 clavo
807 1637 892 1707 jungi.
913 1636 988 1690 idem
1005 1640 1173 1697 ancillasvi·

132 1723 161 1779 4.
184 1715 325 1767 Mulierum
346 1714 457 1787 pedibus.
477 1714 617 1771 Perimelia
662 1716 753 1769 ctoriae
769 1728 796 1767 et
811 1716 895 1769 virilis
910 1716 1076 1772 fortitudinis
1095 1740 1172 1776 causa

92 1794 218 1865 intelligit
233 1807 264 1847 et
277 1813 359 1848 aurea
372 1811 480 1849 crurum
495 1794 617 1861 vincula,
662 1792 736 1849 datas
748 1793 846 1849 virilius
859 1794 995 1867 quondam
1005 1802 1169 1868 vocaturus,

94 1872 124 1927 de
139 1874 249 1945 quibus
260 1874 360 1929 iterum
375 1874 487 1927 inferius
495 1892 552 1945 cap.
564 1874 616 1941 54,
662 1886 691 1927 ut
706 1874 750 1927 hic
765 1874 818 1945 legi
831 1876 927 1947 possit,
943 1904 954 1925 ι
966 1876 1050 1930 viiie
1063 1879 1171 1935 Celtico

93 1955 138 2006 abi
157 1952 313 2025 compedes
336 1954 400 2007 scite
424 1954 613 2023 appellantur:
662 1950 805 2019 dicuntur,
834 1955 927 2007 viriliae
950 1956 1127 2011 Celtiberiae.
1153 1986 1167 2009 ι

94 2036 241 2105 qnoniam,
267 2034 317 2086 ubi
339 2032 482 2102 compedes
504 2052 558 2086 esse
575 2052 617 2087 so·
661 2033 763 2087 Dauno.
779 2034 1170 2093 -Dardauuuarachiorum

92 2114 164 2175 lent,
188 2115 249 2165 imo
282 2111 348 2184 pedi
379 2110 541 2178 induuntur,
563 2132 615 2184 qua
660 2126 846 2167 ornamentum
861 2132 980 2168 aureum.
992 2115 1083 2170 litun.

93 2195 164 2247 euri
186 2192 357 2247 adnectitur.
367 2190 440 2245 Vide
462 2192 614 2247 Ferrarium
702 2195 729 2247 8.
754 2193 885 2246 Virioloe...
914 2197 995 2247 uirioe.
1022 2197 1066 2249 Sic
1091 2197 1168 2252 MSS.

94 2274 121 2325 in
132 2274 277 2327 Analectis
290 2272 326 2326 de
340 2274 381 2326 Re
391 2274 465 2325 Vest.
477 2290 536 2343 cap.
549 2291 615 2337 xxi,
660 2272 725 2343 lleg.
740 2294 766 2337 a,
781 2272 870 2325 cbitfl.
884 2274 1023 2344 ceterique
1037 2294 1126 2337 mon,
1139 2290 1170 2331 ut

94 2372 154 2424 pag.
171 2374 221 2423 7¹·
240 2354 336 2407 lisso.
659 2350 726 2405 editi
738 2351 867 2405 hactenus
880 2352 959 2415 libri,
969 2354 1072 2407 «Virise
1086 2356 1169 2409 Celti·

135 2435 162 2488 5.
179 2432 293 2485 Pedibus
306 2452 391 2485 nurum
400 2437 494 2501 putori
509 2434 611 2505 tacuisti.
659 2449 696 2483 cae
709 2429 847 2497 dicuntur,
860 2431 951 2483 viriles
962 2431 1140 2486 Celtibericus.
1153 2461 1164 2481 .

97 2512 176 2579 Quod
190 2514 299 2568 urbana
312 2512 483 2567 calciamenta
495 2511 613 2566 claribus
659 2508 727 2564 Sunt
742 2521 832 2564 antem
850 2509 924 2562 viriae
939 2522 966 2564 et
979 2511 1080 2566 viriolae
1101 2538 1112 2561 ι
1126 2504 1182 2567 ar?

98 2595 180 2648 aureis
209 2594 418 2664 affigerentur,
447 2591 611 2658 Brissonios,
658 2589 739 2642 milite
755 2589 875 2643 virorum
894 2591 1028 2662 propriae,
1045 2618 1056 2640 ι
1079 2592 1168 2664 inquit

99 2674 198 2734 libii,
212 2691 275 2744 cap.
288 2673 315 2726 ⁵.
330 2674 405 2723 Auro
416 2669 561 2724 abundanti
572 2671 612 2724 uti
657 2667 776 2722 Isidorus
792 2668 868 2739 Orig.
882 2669 930 2722 lib.
946 2671 1029 2735 XIX,
1043 2690 1101 2742 cap.
1116 2674 1169 2737 30,

96 2755 232 2807 Bomos
253 2751 363 2805 feminis
377 2751 527 2821 permisisse
547 2751 613 2804 scri·
659 2747 1038 2802 -cottataemitiubusvicmriae
1046 2769 1122 2804 causa
1130 2753 1167 2805 ob

94 2833 133 2887 bit
144 2834 238 2888 Valer-
250 2829 288 2884 de
303 2829 390 2884 instit.
405 2831 495 2902 Antiq.
509 2829 555 2882 lib.
571 2830 613 2894 11,
658 2846 795 2882 umorum
808 2827 931 2880 virtutem
943 2847 950 2880 :
963 2828 1071 2882 undeet
1081 2849 1167 2901 quon·

94 2931 148 2984 cap.
167 2933 205 2979 ²3
230 2912 329 2966 Livius
356 2910 422 2962 Belli
447 2907 611 2962 Macedonio.
658 2905 720 2960 dum
729 2906 885 2960 dicebantur
897 2905 1010 2960 virilis:
1030 2933 1042 2955 ι
1056 2909 1115 2980 lege
1128 2914 1168 2962 ui-

92 2995 137 3046 lib.
151 2995 194 3046 IV
197 3033 205 3046 .
219 2994 328 3046 Danau.
659 2988 736 3040 rioloe.
753 2987 873 3039 Glossae:
897 2987 1007 3052 viriolae,
1030 2990 1166 3060 πιριχίρια.
1191 3043 1195 3050 ,

128 3077 157 3127 6.
181 3073 265 3142 Cujus
285 3070 381 3124 sceleris
401 3087 443 3122 uos
461 3070 613 3138 coarguimus
657 3068 732 3122 luter
744 3077 899 3120 ornamenta
907 3066 1046 3120 muliebria
1059 3069 1167 3129 viriolae

92 3154 156 3205 illim
173 3157 288 3224 fumum
306 3153 363 3222 qui,
380 3160 430 3202 etc.
445 3138 554 3214 Scribe,
567 3159 614 3200 ·et
659 3159 765 3199 censent
776 3144 977 3218 Ulpianus,lih.
987 3143 1104 3212 ΗΜ
1122 3167 1165 3214 ιο,

91 3252 136 3286 mr
159 3232 276 3288 sceleris
300 3229 438 3300 arguimur
462 3228 538 3280 illum
567 3227 613 3298 qui
659 3226 687 3278 fi.
703 3224 739 3278 de'
752 3243 817 3278 auro
827 3237 853 3277 et
864 3239 972 3296 argento
983 3226 1165 3296 legatofflcss-

89 3314 193 3384 primns
209 3330 298 3378 auro,
312 3323 364 3363 etc.
375 3333 386 3355 ι
404 3327 437 3362 ex
449 3307 559 3378 antiquo
572 3325 614 3360 co·
658 3305 718 3358 vola
733 3305 814 3368 item,
826 3304 932 3375 aliique.
947 3305 1120 3372 Ambrosius,
1135 3307 1166 3360 in

89 3393 152 3448 dist,
165 3395 256 3448 pm,
659 3385 708 3437 lib.
716 3385 730 3436 1
738 3383 772 3437 de
786 3384 933 3450 Abrabam,
945 3402 1077 3456 exponens
1086 3397 1167 3456 caput

124 3493 152 3544 7.
175 3474 271 3545 Itaque
287 3468 447 3522 Dardanium
467 3465 610 3518 uocabatur.
655 3465 751 3517 Genea.
771 3464 824 3529 34,
844 3464 891 3517 nbi
906 3465 996 3516 caeteri
1009 3463 1166 3535 interpreter

88 3555 266 3617 Dedaaiuur,
277 3549 336 3613 vel,
346 3547 428 3601 otalii
437 3546 613 3616 legunt,Dur·
656 3543 771 3597 armillas
783 3555 908 3608 vertunt,
926 3543 1007 3597 virias
1022 3542 1141 3598 reddidit
1155 3564 1165 3599 ι

86 3634 188 3700 hm,
200 3649 322 3686 aureum
341 3627 517 3682 brachiorum
534 3643 612 3678 orna·
660 3650 672 3673 ι
685 3621 737 3676 Has
752 3622 845 3688 virias,
858 3623 964 3694 inquit,
977 3642 1035 3695 quae
1056 3643 1165 3677 manum

85 3727 225 3776 mmm,
251 3712 319 3764 viria
340 3719 532 3762 ornamentum
553 3703 614 3758 colli
657 3722 712 3756 non
727 3702 857 3757 materiali
866 3721 932 3755 auro
943 3715 1080 3762 ornarent.
1094 3717 1162 3758 etc.»

82 3813 203 3860 ameum,
213 3789 346 3846 viriculis
364 3787 488 3842 colatum
504 3802 534 3837 ac
546 3783 613 3838 scul-
658 3779 730 3837 Vide
749 3783 829 3835 etiam
842 3781 893 3836 alia
912 3780 984 3854 apud
996 3783 1120 3836 Vossium
1137 3783 1166 3834 in

81 3889 167 3948 ptum,
185 3871 312 3948 gemmis
332 3885 385 3940 per
401 3864 540 3921 intervalla
559 3861 612 3916 dis·
656 3862 774 3934 Etymol.
790 3863 880 3917 Hnn.

80 3957 176 4027 positis.
198 3955 302 4024 Lego,
322 3975 335 3998 ι
350 3948 447 4020 itaque
470 3957 495 3998 et
515 3941 614 3998 Darda·
697 3960 724 4011 9.
736 3941 970 4008 Hubeaatfimiuoe.
990 3942 1025 3995 Et
1048 3940 1099 3993 viri
1119 3941 1168 3994 ba-

79 4039 296 4095 ninmvocatur,
315 4029 391 4082 sictu
404 4038 433 4079 ct
447 4023 521 4078 virias
533 4023 614 4078 Celti·
657 4021 754 4088 buere,
779 4020 827 4076 sed
849 4021 997 4076 effeminati
1023 4020 1167 4074 moribus:

77 4135 111 4172 ca
124 4116 263 4172 dicuntur
277 4121 310 4166 et
319 4104 431 4165 viriolae
439 4103 614 4160 Celtibericus.
659 4101 756 4169 Cuius,
768 4101 815 4172 qni
832 4127 844 4150 ι
859 4099 1025 4156 manuleatus
1041 4112 1068 4153 et
1080 4100 1169 4153 armil-

143 4215 209 4286 JX.
1026 4194 1049 4266 3
