3100 5125
470 488 626 556 meur.
645 488 832 556 xxxvi.
1123 492 1194 584 479

130 620 280 708 cumine,
296 619 377 690 dum
391 617 464 690 vult
476 619 644 714 fastigium
658 620 780 690 addere
794 633 946 690 auratum
957 671 967 708 ,
977 621 1066 715 quod
1079 638 1194 716 postea

131 728 248 797 omisit.

180 836 227 902 Et
239 832 294 903 alii
308 832 376 903 duo
391 847 468 902 sunt
484 832 688 904 Alexandriae
701 833 745 902 ad
760 847 895 928 portum
909 835 945 902 in
962 835 1099 905 Caesaris
1112 849 1227 904 tem-e

129 925 218 1034 plo''
219 963 339 1034 ,quos
364 939 484 1010 excidit
509 939 686 1008 Mestres²⁹
715 964 774 1009 rex
802 937 1049 1061 quadragenum
1079 941 1193 1010 binum

128 1045 329 1116 cubitorum.
353 1048 461 1142 Super
477 1048 588 1117 omnia
603 1047 740 1117 accessit
756 1045 934 1116 difficultas
952 1071 1034 1117 marr
1027 1049 1193 1116 Romam

45 1185 48 1191 ·
129 1151 314 1222 devehendi
324 1153 501 1247 ,spectatis
515 1152 694 1222 admodum
709 1137 881 1222 navibus³⁰
883 1154 1012 1223 Divus
1027 1156 1194 1249 Augustus

129 1260 275 1351 priorem
296 1258 474 1328 advexerat
483 1259 721 1354 ,miraculique
739 1260 844 1354 gratia
863 1257 1007 1330 Puteolis
1022 1259 1193 1330 navalibus

128 1367 299 1459 perpetuis
320 1364 510 1434 dicaverat.
534 1364 592 1434 sed
611 1365 764 1434 incendio
782 1380 979 1459 consumpta
1001 1380 1058 1435 est.
1085 1369 1192 1436 Divus
1211 1399 1228 1448 9

129 1469 288 1540 Claudius
306 1469 430 1601 aliquot
446 1495 507 1566 per
524 1495 627 1540 annos
648 1486 849 1541 asservatam
859 1495 949 1566 ,qua
967 1473 1066 1542 Cuius
1083 1475 1195 1542 Caesar

128 1563 449 1671 importaverat³¹‚o
421 1578 583 1647 omnibus
595 1601 669 1671 quae
686 1602 843 1672 umquam
860 1578 893 1645 in
908 1579 999 1646 mari
1012 1579 1088 1648 visae
1102 1592 1194 1665 sunt,

128 1682 379 1767 mirabiliorem,
389 1683 535 1752 turribus
548 1683 731 1754 Puteolano
739 1709 780 1752 ex
792 1669 959 1778 pulvere
971 1683 1199 1762 eruditionis,

129 1789 324 1920 perductam
340 1792 467 1859 Ostiam
479 1803 623 1885 portus
635 1804 740 1885 gratia
754 1791 886 1858 mersit:
904 1788 967 1858 alia
981 1815 1021 1858 ex
1035 1791 1100 1859 hoc
1114 1815 1193 1859 cura

128 1897 263 1964 navium
264 1881 500 1990 ³³,quaeTiberi
513 1896 707 1966 subvehant.
721 1899 800 1985 Quo
811 1911 1037 1991 experimento
1045 1882 1194 1990 patuit

129 2026 195 2070 non
214 2004 324 2070 minus
342 2025 502 2097 aquarum
519 2003 598 2070 huic
612 2003 701 2071 amni
718 2027 808 2088 esse,
823 2025 923 2096 quam
939 2001 1026 2072 Nilo.

180 2092 246 2177 Is³⁵
266 2122 377 2177 autem
396 2107 576 2196 obeliscus,
595 2133 693 2204 quem
716 2108 812 2178 divus
834 2109 1027 2204 Augustus
1018 2133 1053 2176 rn
1072 2093 1193 2178 circo³⁶
1216 2135 1246 2168 ιο

170 2305 214 2358 28.
227 2303 377 2372 Alportrms
388 2305 415 2354 is
427 2302 532 2356 casae
543 2303 637 2373 templo.
681 2303 852 2373 superposuit
865 2300 1017 2354 citissimum
1033 2299 1145 2367 turrim,
1163 2302 1192 2354 in

128 2382 212 2434 Gron.
229 2394 257 2434 et
274 2383 318 2437 ΔΙ.
338 2394 399 2434 ente
418 2380 501 2436 ilerd.
522 2387 549 2435 ir
564 2395 639 2453 ports
681 2383 834 2452 exemplum
855 2378 1027 2434 Alexandrini
1048 2379 1140 2444 Phari,
1164 2394 1194 2434 ut

128 2461 163 2512 al
175 2460 281 2514 Cereris
294 2464 415 2533 templum.
424 2463 477 2514 Eo.
680 2460 716 2515 sd
727 2475 876 2515 nocturnos
887 2462 960 2530 ignes
972 2476 1079 2512 cursum
1091 2460 1193 2531 navigia

169 2541 392 2610 29.Mestres.lta
403 2540 507 2596 codices
517 2541 639 2595 nostries
681 2541 859 2613 dirigerent.-
877 2539 967 2595 Hun-
1081 2590 1085 2597 .

127 2622 257 2685 Pintisni,
276 2635 306 2678 ut
325 2641 419 2694 suprs,
436 2640 493 2676 non
505 2633 537 2675 ut
555 2620 637 2688 editi,
720 2623 767 2676 32.
784 2621 920 2673 Puteolano
937 2640 967 2671 er
982 2618 1088 2689 pulser-e.
1102 2618 1191 2683 Quem
1279 2666 1285 2674 .

128 2702 258 2772 Mesplrees.
273 2702 365 2771 lirun.
680 2699 796 2755 &fimus
815 2700 886 2753 libro
904 2718 963 2771 sup.
981 2717 1039 2769 rap.
1062 2705 1109 2769 47,
1121 2718 1191 2752 meru

167 2780 212 2835 30.
237 2779 357 2851 Spectatis
381 2782 509 2852 &odere
528 2780 635 2834 nardus.
680 2799 738 2834 sum
752 2781 819 2835 muri
833 2780 893 2833 deri
905 2778 1021 2851 lapidem
1030 2779 1193 2850 inexpugna-

127 2859 198 2915 Vide
210 2880 245 2915 au
257 2862 292 2914 sit
302 2862 397 2915 melior
409 2861 489 2915 lectio
507 2886 520 2909 ι
531 2861 637 2914 structis
679 2862 760 2914 bilem
773 2858 861 2915 undis.
877 2860 966 2913 nun.

127 2938 160 2993 ad
174 2940 285 2994 modum
301 2934 453 3006 neribus,'·
470 2940 523 2993 hoe
536 2952 588 3005 ert,
602 2938 638 2994 ed
721 2939 768 2995 33.
781 2941 844 2994 Atta
855 2960 885 2993 es
895 2930 939 2993 laos
948 2957 1006 2991 eura
1017 2941 1122 2992 aarum.
1132 2938 1191 2991 Alis

126 3018 232 3090 pondus
245 3034 272 3074 et
292 3021 476 3091 quantitatem.
498 3020 578 3074 Pur.
596 3051 637 3063 -
680 3019 779 3075 deinde
793 3020 874 3073 subiit
886 3036 950 3074 curu
964 3036 1043 3071 nares
1056 3017 1191 3083 struendi,

126 3100 247 3169 Spectatis
259 3101 388 3154 admodum
397 3099 506 3154 essibus.
523 3099 637 3173 lneipni·
680 3118 740 3171 quas
750 3100 843 3152 Tiberi
852 3099 997 3152 obeliscum
1004 3096 1190 3151 subveherent.

126 3181 176 3233 bus
184 3179 331 3235 admodum
341 3182 449 3234 suucds
459 3180 488 3232 in
505 3198 564 3232 eam
578 3198 638 3234 rem
679 3180 715 3233 ll.
726 3210 767 3223 -
781 3181 844 3249 Qua
864 3179 947 3231 Tiberi
963 3177 1101 3229 subvehent.
1117 3178 1190 3229 brot.

126 3259 247 3316 navibus.
260 3262 352 3313 Huc.
680 3260 781 3313 exVet.
790 3256 959 3330 spudDalec.
968 3257 1127 3309 subveherent.
1136 3255 1190 3309 Eu.

166 3340 214 3393 31.
230 3341 290 3410 Qec
306 3339 383 3393 Castu
396 3338 482 3392 Cesar
496 3343 638 3409 reperta«-
720 3336 766 3402 34.
778 3340 873 3391 Poterit.
886 3338 1005 3391 Brot.ex
1015 3338 1080 3407 neg.
1091 3334 1150 3389 cod.
1164 3333 1192 3400 5,

126 3431 174 3471 ret.
187 3419 345 3490 Nevimqnn
360 3418 638 3491 Caiuscdipulsobe·
680 3419 803 3473 Ambros.
823 3437 849 3484 r,
868 3437 901 3481 a,
917 3414 981 3471 edit.
998 3415 1084 3488 princ.
1105 3428 1132 3469 et
1147 3414 1190 3469 Cl.

125 3496 220 3551 liscum
244 3499 434 3570 importarent
458 3516 492 3551 ex
511 3502 636 3569 AEssypto.
679 3498 820 3552 ttezwnic.
830 3498 914 3568 pelam
918 3494 964 3566 fit
975 3498 1028 3549 En.

59 3606 64 3616 ·
124 3577 320 3649 Tranquillus'
313 3598 342 3633 ru
355 3577 482 3641 Claudio,
503 3596 562 3671 cap.
577 3596 634 3631 xxx
721 3576 770 3631 36.
783 3579 818 3631 1s.
827 3578 897 3630 Eum
910 3594 966 3631 esse
979 3574 1190 3629 Kirchermexi-

126 3658 263 3711 -Portnm
276 3656 358 3711 Ostia
370 3658 512 3723 moniis,
520 3658 636 3711 circum·
679 3657 768 3711 stiram
774 3674 874 3729 ,quem
886 3676 901 3711 e
915 3657 986 3711 circo
998 3667 1107 3709 erutum
1112 3665 1193 3724 ,post

124 3736 207 3791 docto
226 3735 319 3791 dextra
337 3738 494 3810 einismeque
510 3736 636 3803 brechio,
678 3737 788 3792 alterum
797 3738 916 3801 minam,
926 3732 1122 3789 auteedemB.
1131 3732 1194 3787 vir-

125 3829 152 3872 et
163 3816 219 3872 sd‘
210 3818 353 3871 introitum
366 3816 521 3890 protendo
511 3836 565 3889 μω
579 3776 636 3871 sold
678 3817 748 3889 ginis
760 3817 802 3868 del
810 3817 918 3887 Popelo,
933 3816 1021 3869 sixtus
1029 3816 1055 3865 V
1067 3812 1192 3867 Pontifex

124 3898 196 3952 mole
211 3896 317 3970 objecta
331 3915 338 3951 ε
353 3916 436 3969 qoam
449 3916 503 3969 quo
518 3897 637 3951 stabilius
679 3897 810 3951 metimus
823 3898 915 3951 erexit.
927 3895 1018 3948 Hsuu.

124 3975 265 4042 fundaret,
290 3994 384 4031 navem
409 3991 469 4031 ente
489 3976 635 4041 demersit,
720 3978 768 4030 36.
782 3978 995 4045 Iueiresmageo.
1014 3973 1124 4028 Circum
1137 3990 1191 4025 mn-

125 4074 177 4127 qns
189 4075 302 4128 magnus
310 4057 442 4113 obeliscus
450 4070 547 4111 ersten
557 4060 638 4130 ΕΠ·
679 4057 781 4110 simum
795 4058 850 4111 fere
863 4067 974 4121 vocent,
989 4053 1097 4125 repone
1110 4050 1192 4107 Urbis

125 4149 173 4207 pto
193 4134 320 4192 sdseetus
340 4159 347 4189 :
367 4138 550 4209 congestisque
573 4137 635 4208 pilis
680 4134 933 4191 undecime.llsuu.
