3100 5125
1501 3 1522 252 l

342 529 414 614 ott
540 511 544 518 ’
608 532 648 600 c.
675 529 980 600 ruminas.
1005 530 1136 600 msr.

341 661 413 736 lens
433 661 531 732 debet
553 687 626 733 esse
649 664 684 732 in
712 646 913 758 suspectu¹³,
939 659 1031 730 velut
1052 685 1094 732 ex
1117 660 1322 734 carbunculo
1351 689 1403 734 re·

340 768 470 863 fulgens
498 767 633 862 quidam
658 770 692 836 in
721 771 870 863 purpura
897 765 1014 837 leviter
1035 792 1149 838 roseus
1176 771 1277 839 nitor.
1307 768 1403 840 Tales

340 874 439 970 aliqui
463 873 592 944 malunt
615 864 833 968 paederotas¹⁴
855 875 985 959 vocari,
1014 871 1069 942 alii
1095 889 1282 962 anterutas,
1309 874 1404 944 multi

339 982 677 1073 Venerisgemmam,
692 980 783 1075 quod
801 980 940 1048 maxime
955 979 1088 1048 videtur
1106 967 1256 1050 decere¹⁵
1276 996 1311 1049 et
1332 1006 1404 1074 spe·

339 1087 423 1172 cies,
446 1099 480 1154 et
500 1085 600 1155 colos.
620 1088 686 1155 Eas
704 1109 851 1180 gemmas
874 1105 1046 1179 magorum
1059 1070 1084 1110 ¹⁶
1102 1087 1229 1156 vanitas
1250 1087 1403 1156 resistere

305 1207 323 1269 t
340 1191 490 1289 ebrietati
508 1192 692 1286 promittit,
708 1207 742 1261 et
759 1189 1030 1285 indeappellatas
1040 1188 1077 1257 ¹⁷·
1094 1193 1255 1262 Praeterea
1270 1192 1299 1261 si
1316 1190 1403 1261 lunas

214 1312 221 1328 “
339 1321 462 1368 nomen
483 1312 541 1366 aut
558 1296 635 1367 solis
652 1297 816 1368 inseratur
837 1299 871 1367 in
893 1297 949 1383 iis,
969 1310 1068 1391 atque
1091 1298 1137 1366 ita
1158 1295 1403 1393 suspendantur

339 1401 466 1474 oolloe
493 1401 620 1498 capillis
641 1402 877 1499 cynocephali,
900 1401 953 1474 vel
975 1401 1096 1496 plumis
1122 1403 1323 1489 hirundinis,
1352 1428 1403 1472 re·

340 1511 456 1581 sistere
468 1507 643 1578 veneficiis.
659 1511 734 1578 Jam
751 1533 884 1604 quoque
897 1506 1012 1578 adesse
1025 1531 1119 1603 reges
1133 1494 1282 1579 adituris.
1301 1512 1404 1579 Gran·

338 1615 451 1689 diuem
475 1629 645 1698 avertere,
671 1629 706 1685 et
732 1614 891 1698 locustas,
921 1615 1111 1708 precatione
1144 1614 1276 1699 addita,
1304 1639 1402 1708 quam

337 1721 589 1792 demonstrant:
603 1721 692 1789 Nam
714 1719 895 1815 smaragdis
915 1744 1046 1814 quoque
1067 1720 1184 1790 similia
1204 1721 1403 1816 promisere,

339 1829 367 1897 si
385 1825 502 1924 aquiloe
521 1825 766 1922 scalperentur,
785 1840 843 1895 aut
863 1825 1018 1896 scarabaei
1036 1849 1044 1893 :
1059 1851 1141 1921 'quae
1160 1827 1295 1922 quidem
1319 1826 1401 1895 scri·

271 1997 276 2005 .
337 1935 440 2028 psisse
460 1957 518 2002 eos
544 1957 613 2002 non
630 1933 700 2002 sine
723 1945 918 2024 contemptu
940 1946 974 2001 et
997 1931 1095 2001 irrisu
1116 1934 1244 2026 generis
1266 1931 1402 2002 humani

336 2039 489 2109 arbitror.
1358 2063 1361 2070 ·

304 2179 316 2214 ι
388 2147 480 2214 XLI.
497 2141 643 2214 Multum
659 2144 702 2213 ab
719 2169 758 2214 ea
775 2143 877 2234 distat
889 2143 1087 2240 hyacinthos
1099 2141 1121 2229 ¹,
1136 2157 1247 2214 tamen
1261 2169 1280 2213 e
1294 2144 1401 2214 vicino

333 2333 396 2372 eum
411 2313 488 2369 aliter
503 2312 585 2368 vertit
595 2301 690 2368 doctus
705 2314 847 2388 interpres.
890 2317 953 2370 cere
960 2329 987 2370 et
996 2309 1097 2387 species
1105 2328 1132 2370 et
1140 2318 1225 2371 colos:
1236 2336 1280 2370 eas
1289 2335 1403 2388 gemmas

332 2397 425 2450 fluo.
750 2439 754 2444 ,
889 2414 1027 2466 magorum
1036 2397 1138 2450 vanitas
1150 2397 1270 2450 resistere
1281 2396 1401 2451 ebrietati

376 2476 421 2529 1³.
436 2475 468 2528 Ie
483 2485 600 2546 suspectu.
617 2474 710 2540 Quum
725 2472 846 2527 sublimis
889 2475 1030 2546 promittit.
1045 2499 1056 2522 ·
1072 2474 1159 2529 Sasu.
1170 2509 1208 2518 -
1219 2477 1256 2528 Et
1268 2480 1369 2546 ιριιίυ,
1379 2489 1401 2528 et

260 2574 264 2583 ’
332 2555 474 2630 aspicitur:
485 2553 568 2609 veluti
577 2552 599 2607 si
612 2567 676 2608 tuuc
687 2570 723 2607 ex
732 2553 847 2608 carbun·
889 2554 961 2609 colos.
970 2555 1139 2626 Eargemmas.
1148 2555 1402 2629 SicblSS.proxitne

332 2636 394 2690 culo
407 2634 550 2705 refulgeret
563 2633 636 2687 nitor
649 2650 711 2687 cum
725 2651 845 2704 purpura
888 2635 1022 2705 appellati.
1035 2636 1111 2689 Prius
1122 2634 1230 2706 inepte:
1245 2661 1256 2681 ι
1271 2636 1306 2688 tn
1316 2636 1400 2705 specie

330 2734 431 2771 miens.
448 2712 572 2767 Occurrit
586 2732 638 2768 vox
651 2730 681 2766 ea
696 2711 751 2785 jam
765 2730 843 2785 supe·
890 2727 918 2769 et
930 2715 1020 2768 colore
1036 2728 1154 2768 extremo
1169 2716 1290 2786 gemme.
1311 2714 1402 2787 Mago·

330 2795 399 2861 rius,
412 2793 461 2849 lib.
475 2792 557 2857 xxl,
569 2810 627 2865 cap.
646 2810 692 2844 as.
704 2789 797 2846 Hnn.
890 2812 951 2847 rum
954 2833 1001 2849 .....
1015 2794 1136 2847 ebrietati
1151 2812 1206 2858 eas,
1222 2806 1272 2847 etc.
1293 2820 1305 2840 ·
1322 2792 1356 2846 H.

373 2880 417 2939 ¹6·
441 2870 590 2926 Pedemtus.
610 2868 692 2937 Quod
715 2888 731 2922 a
751 2870 842 2942 pueris
933 2877 978 2927 16.
999 2874 1134 2945 Magorum.
1158 2872 1334 2937 Marbodeus,
1354 2873 1397 2927 lib

330 2969 462 3019 amentur,
472 2954 514 3005 rel
526 2948 599 3023 quod
611 2951 659 3023 qui
668 2961 770 3021 gestant
781 2970 844 3023 pue·
888 2950 922 3007 de
944 2952 1038 3025 Lapid.
1056 2966 1124 3027 pret.
1144 2972 1201 3025 cap.
1229 2956 1257 3015 4.
1278 2952 1402 3005 Albertus

329 3034 368 3086 ris
384 3032 508 3087 amabiles
524 3042 584 3085 sunt
599 3048 606 3083 :
622 3040 755 3083 snterotas
769 3028 843 3101 quod
888 3033 1017 3104 Magnus,
1030 3031 1065 3086 de
1075 3030 1171 3086 Miner.
1181 3031 1228 3085 lib.
1241 3032 1279 3095 11,
1291 3049 1320 3103 p.
1335 3034 1397 3093 ηδ.

329 3127 451 3169 mutuum
470 3129 586 3166 amorem
601 3108 754 3162 concilient.
772 3110 843 3166 Dar..
887 3108 921 3165 de
936 3112 1083 3181 amethysto
1103 3129 1111 3164 s
1133 3138 1145 3159 ι
1162 3110 1296 3183 Operatur
1309 3123 1398 3165 autem

328 3226 369 3237 -
384 3193 532 3245 Poederutas.
545 3185 709 3260 llatdipurac
725 3201 751 3241 et
768 3190 841 3241 tart·
885 3203 979 3245 eontra
994 3192 1163 3253 ebrietatem,
1177 3204 1207 3244 ut
1220 3188 1289 3243 dicit
1304 3192 1399 3255 Aaron,

299 3325 304 3336 ,
328 3291 425 3343 purae,
439 3268 512 3341 quod
528 3286 603 3340 equs
617 3267 723 3322 venusti
736 3268 789 3321 sint
802 3280 843 3321 at·
886 3283 912 3323 et
922 3270 985 3323 lucit
999 3270 1123 3341 vigilem,
1135 3282 1186 3324 etc.
1202 3295 1214 3317 ι
1228 3270 1321 3323 Hans).

327 3370 383 3425 que
408 3348 540 3420 puelluli,
569 3348 653 3400 immo
678 3359 757 3419 atque
783 3346 841 3419 ipse
876 3383 877 3391 .
928 3368 973 3420 ¹7·
993 3350 1052 3403 Inde
1070 3350 1212 3421 appellatas.
1238 3348 1298 3400 Alia
1319 3348 1398 3420 paulo

327 3435 422 3485 Amor.
440 3428 511 3482 ilinc
526 3426 598 3498 apud
608 3426 756 3498 Vopiscum
772 3427 841 3501 Oey·
884 3442 944 3482 ante
957 3428 1073 3483 numinis
1085 3428 1270 3499 interpretatio
1279 3426 1396 3489 reddita,

324 3510 488 3581 pedentim
498 3507 573 3573 color,
581 3505 665 3578 qualis
673 3507 801 3559 nimirum
812 3506 840 3559 in
884 3506 1005 3579 quodlad
1026 3506 1081 3561 viui
1094 3508 1211 3561 colorem
1225 3505 1392 3563 accedentes.

326 3588 461 3660 paederote
473 3605 593 3661 gemma,
609 3598 634 3639 et
647 3586 766 3640 intensus
780 3584 839 3658 qui·
884 3605 1034 3658 enprorsus
1045 3586 1199 3651 inebriatas,
1213 3596 1295 3658 atque
1312 3598 1396 3639 temu-

326 3668 403 3731 dem,
421 3668 449 3723 id
461 3666 533 3721 enirn
546 3666 599 3729 ὀξὺς
618 3676 705 3731 sonat,
722 3666 792 3731 aive,
809 3677 839 3719 ut
883 3666 960 3719 lenta
971 3686 1025 3719 uon
1042 3667 1108 3730 sint,
1122 3665 1168 3720 sed
1184 3666 1279 3719 leviter
1295 3678 1394 3718 tanturn

325 3748 429 3802 Plinius
446 3748 503 3820 ipae
516 3747 552 3799 ait
569 3745 647 3818 plane
660 3743 754 3807 modo,
772 3761 857 3815 pras.
882 3744 1053 3817 degustarint.
1070 3746 1171 3799 Danao.

325 3827 423 3881 cellsus
443 3827 471 3881 in
496 3837 634 3897 suspectu,
655 3834 684 3876 et
705 3824 786 3875 veluti
807 3840 838 3875 ex
922 3825 1202 3897 XLl.1.Hyuelnthor.
1217 3812 1395 3887 lsisrvtomo·

325 3906 490 3961 carbunculo
516 3903 674 3977 prefulgens
698 3902 775 3955 color
795 3920 839 3953 ro·
881 3903 939 3957 lore
960 3904 1165 3976 subpurpureo,
1183 3904 1394 3973 buunoppupilus,

325 4004 534 4058 seus,purpnra
548 3982 643 4038 leviter
659 3980 763 4034 mixtus.
782 3978 815 4031 ll.
881 3983 970 4055 iuquit
989 3984 1169 4057 Epiphanius,
1188 4001 1215 4053 p.
1239 3983 1306 4036 228.
1327 3980 1394 4053 Hya·

368 4064 413 4119 15.
429 4066 504 4135 Quod
520 4067 622 4116 marinae
641 4060 737 4113 videtur
745 4061 837 4112 decere.
881 4061 1000 4116 cinthum
1014 4082 1046 4117 ex
1059 4062 1216 4116 ruhiuorum
1229 4078 1285 4114 esse
1298 4078 1394 4132 genere

323 4144 413 4215 lege:
428 4142 531 4209 uQuod
546 4138 837 4209 maximevideturde-
880 4139 990 4213 qnidam
1016 4142 1126 4207 volunt,
1152 4152 1182 4196 ut
1208 4139 1393 4195 animadvertit
