3100 5125
478 538 635 605 LIBER
659 539 837 606 xxxvl.
1120 539 1185 611 521

128 672 252 766 aliquos
274 667 399 764 lapides
415 670 472 762 qui
513 670 637 753 ariani,
652 669 803 740 credunt.
811 669 1061 764 Theophrastus
1073 689 1190 744 auctor

128 775 196 848 est²
212 791 247 844 et
264 776 348 846 ebur
369 773 479 844 fossile
515 775 657 845 candido
674 791 708 845 et
726 777 822 871 nigro
843 774 954 846 colore
976 778 1132 863 inveniri,
1155 795 1187 848 et

128 907 199 952 ossa
218 907 237 951 e
258 896 348 951 terra
367 882 459 950 nasci
470 867 494 966 ⁴,
519 882 723 975 invenirique
742 880 866 976 lapides
884 907 1004 952 osseos.
1026 871 1187 954 Palniati⁵

127 990 210 1058 circa
224 986 387 1056 Mundam
400 989 435 1056 in
444 988 621 1080 Hispania,
633 988 689 1056 ubi
699 990 810 1058 Caesar
824 987 966 1058 dictator
980 977 1188 1084 Pompeium⁶

85 1168 88 1172 Α
127 1095 220 1186 vicit,
244 1094 467 1188 reperiuntur,
488 1091 587 1186 idque
608 1094 737 1187 quoties
754 1093 900 1188 fregeris.
922 1097 1006 1164 Sunt
1027 1107 1062 1163 et
1082 1097 1187 1190 nigri,

125 1224 265 1294 qnorum
287 1199 466 1268 auctoritas
487 1201 579 1267 venit
600 1200 635 1268 in
657 1223 824 1268 marmora
834 1199 858 1284 ⁷,
873 1186 991 1270 ·sicut⁸
1011 1202 1188 1272 Tmarius.

126 1308 233 1374 Varro
254 1307 369 1399 nigros
393 1329 434 1377 es
464 1302 575 1372 Africa
595 1304 758 1374 firmiores
788 1329 858 1374 esse
886 1305 1002 1390 tradit,
1027 1330 1128 1399 quam
1154 1309 1189 1375 in

125 1410 227 1478 Italia.
244 1410 416 1480 Ediverso
430 1408 523 1480 albos
538 1412 643 1478 tornis
659 1411 828 1497 duriores,
843 1433 941 1503 quam
955 1412 1076 1481 Parios.
1096 1411 1187 1485 Idem

124 1519 311 1586 Lunensem
333 1513 456 1584 silicem
476 1539 567 1584 serra
591 1519 720 1584 secari:
743 1531 779 1585 at
801 1515 1025 1586 Tusculanum
1049 1516 1189 1586 dissilire

124 1620 219 1716 igni⁹.
248 1621 407 1690 Sabinum
433 1619 562 1690 fuscum
589 1620 702 1690 addito
728 1622 803 1691 oleo
826 1622 925 1690 etiam
955 1620 1075 1690 lucere.
1102 1625 1188 1691 Item

123 1726 226 1796 molas
252 1723 454 1796 versatiles¹⁰
478 1725 635 1795 Volsiniis
661 1729 827 1814 inventas,
856 1724 981 1820 aliquas
1006 1743 1040 1796 et
1070 1743 1188 1822 sponte

124 1847 227 1902 molas
245 1833 432 1901 invenimus
447 1833 482 1899 in
499 1832 669 1926 prodigiis.

123 2048 223 2089 ruentes
248 2053 427 2106 congenerem
452 2033 502 2086 sibi
527 2033 631 2104 prolem
674 2034 744 2086 iosus
764 2033 872 2086 Perisiis
896 2034 925 2084 in
955 2033 1103 2086 eameterio
1128 2033 1186 2087 DD.

123 2114 184 2166 eniti
205 2115 267 2168 illos
290 2126 409 2185 putent:
432 2131 492 2167 uere
515 2112 631 2166 somnis
674 2113 874 2166 Innocentium.
887 2112 928 2163 De
941 2113 1044 2165 ossibus
1056 2113 1188 2166 fossilibus

122 2194 297 2257 circumfuso,
314 2193 343 2246 ri
363 2189 477 2264 quadam
496 2190 630 2245 adementi
674 2191 737 2245 vide
761 2191 802 2244 Cl.
823 2191 1020 2252 hienimum,
1043 2191 1072 2244 iu
1095 2192 1189 2246 Proto·

122 2273 145 2324 ei
169 2274 304 2342 ingenite,
331 2272 361 2324 in
388 2289 486 2342 aquam
511 2271 631 2341 primum
675 2289 745 2342 goa,
759 2289 821 2342 pag.
835 2273 868 2322 δι
882 2289 940 2342 sqq.
954 2271 1037 2324 Bsou.
1051 2301 1092 2314 -
1107 2272 1186 2325 conf.

122 2364 309 2416 transmutato,
322 2349 629 2405 menindurstninsds·
674 2351 738 2404 irem
761 2348 797 2402 de
822 2349 924 2402 ossibus
950 2350 982 2402 iis
1003 2351 1036 2402 D.
1060 2351 1186 2417 Curua,

122 2443 243 2484 mantem.
258 2431 293 2483 11.
301 2461 342 2472 —
351 2429 454 2500 Lapides
466 2432 508 2501 qui
520 2433 629 2497 parient.
673 2428 852 2500 s.111,p.581
864 2447 920 2499 sqq.
927 2427 990 2482 edit.
1001 2430 1120 2498 hujusce.
1132 2430 1184 2483 En.

120 2509 233 2582 Lapides
247 2511 304 2574 illi,
319 2510 366 2582 qni
382 2527 477 2581 perere
492 2506 628 2571 dicuntur,
715 2509 740 2561 t.
764 2509 882 2559 Palmati.
913 2507 968 2572 Qui
990 2509 1085 2579 palmas
1113 2509 1185 2562 intus

121 2604 181 2643 suut
191 2592 292 2655 aetites,
305 2592 340 2642 ies
346 2595 437 2661 pierres
450 2589 551 2657 d'atgte.
564 2589 630 2641 Fre·
673 2588 749 2641 fiscii
762 2588 878 2660 effigiem
890 2588 1015 2641 referant.
1029 2588 1120 2643 Hssn.

120 2684 228 2739 quentes
246 2670 352 2723 suntin
368 2672 501 2739 AEgyptm
515 2669 629 2723 maxime
713 2670 742 2722 6.
758 2668 907 2737 Pompeium.
928 2666 1043 2721 Cneium
1062 2667 1184 2738 Pompeii

120 2748 148 2800 in
175 2750 370 2802 utar-betam.
400 2747 501 2801 Multos
528 2745 584 2800 ridi
613 2768 628 2801 s
672 2745 1163 2819 Megnifiliumtei.111,cap.3.ll.

120 2827 152 2879 P.
163 2828 267 2883 sscien
277 2829 378 2881 missos.
391 2826 530 2881 ise-cs.
540 2825 574 2879 de
586 2845 629 2880 se-
711 2846 740 2895 7.
765 2826 839 2879 Venit
865 2829 891 2877 irs
918 2844 1044 2878 manners.
1069 2827 1184 2880 Tantam

120 2906 174 2961 titis
187 2906 321 2979 lapidibus
336 2906 386 2962 inf.
397 2925 457 2978 esp.
474 2906 521 2974 39.
534 2907 587 2959 En.
671 2906 771 2959 hebent
793 2908 823 2959 in
841 2902 960 2959 edificiis
983 2906 1187 2969 auctoritatem,

159 3006 185 3040 ι.
204 2988 381 3057 Tiseopluustus
399 2999 483 3039 auctor
497 2998 540 3037 est.
554 2985 627 3039 Vide
671 2998 796 3057 quantam
811 2986 867 3057 ipsa
880 2985 1123 3038 marmoreum.

120 3065 256 3137 Theophr.
266 3067 314 3119 lib.
325 3066 476 3136 respitiens,
488 3084 516 3135 p.
526 3066 595 3118 8.H.
712 3069 739 3120 8.
756 3065 826 3118 Sicut
841 3066 977 3117 Toerearius.
995 3064 1036 3116 De
1054 3063 1184 3117 Tsensriis

157 3145 181 3197 3.
200 3146 273 3199 Ebur
287 3146 383 3213 fossile.
404 3146 526 3199 Ebeuum
548 3144 624 3197 fossi·
669 3142 818 3216 lapicidinis
827 3144 861 3197 ci.
873 3143 1081 3213 sn·sh.vltl‚p.
1094 3141 1162 3213 367.

120 3222 186 3283 lem,
201 3227 249 3297 qui
269 3227 330 3296 igne
345 3244 404 3277 non
418 3221 582 3288 recenditur,
598 3224 626 3276 in
710 3244 740 3294 9.
760 3225 800 3276 As
822 3222 984 3275 Tusculanum
1003 3222 1105 3274 dissilire
1120 3225 1182 3290 igni.

119 3304 230 3358 rnetsllis
246 3304 371 3357 aluminis
394 3302 428 3357 sd
440 3302 572 3355 Hildeseim
585 3321 626 3355 re·
670 3302 716 3355 Sie
735 3303 765 3355 in
779 3303 841 3373 igne
863 3302 992 3372 crepitet,
1013 3319 1093 3371 quem
1112 3301 1182 3355 Galli

118 3384 199 3450 periri
217 3383 301 3437 tradit
317 3384 448 3454 Agricola.
464 3381 523 3433 Hoc
537 3382 626 3434 Theo·
670 3383 765 3433 arduiso
787 3381 934 3452 appellant,
957 3392 1105 3452 parentque
1127 3381 1183 3433 fere

119 3462 239 3529 phrutm
247 3460 625 3532 libellosssplsisstitnsqnem
669 3459 704 3513 nd
725 3460 875 3532 tegularum
896 3478 982 3513 usum.
1000 3460 1134 3530 Frequens
1154 3460 1183 3511 in

119 3557 168 3595 nos
182 3541 390 3597 emendavimus.
411 3542 480 3593 Dsn.
495 3540 626 3592 -Ebur
668 3539 830 3593 Aremoricis
840 3539 1006 3603 Britnnihns,
1023 3538 1183 3609 Andeguris·

119 3619 216 3687 fossile,
236 3622 329 3673 l'ieoire
342 3621 443 3686 fossile,
465 3620 539 3690 cnjus
553 3632 625 3672 tanis
670 3638 735 3690 que.
751 3618 842 3672 Hssn.

118 3697 191 3770 copis
218 3702 249 3753 in
276 3700 367 3753 multis
393 3698 498 3771 imperii
524 3696 625 3751 llossiei
712 3696 1181 3760 10.ltemmolssversstiles.Qusrum

117 3780 261 3844 provinciis
271 3779 426 3850 reperitur:
441 3790 471 3832 ut
483 3775 574 3830 ridere
586 3789 625 3829 est
668 3778 835 3831 circumactu
862 3777 962 3839 cultri,
988 3793 1018 3829 se
1044 3774 1181 3828 novaculis

118 3856 144 3907 in
155 3859 349 3917 eommsntsriis
360 3857 527 3912 Academico
536 3856 626 3910 Petro·
671 3871 811 3911 acuuntur.
829 3854 854 3907 H
858 3896 865 3907 .
875 3883 915 3895 -
928 3856 1044 3907 Volsiniis
1064 3858 1180 3905 invertas.

117 3936 345 4003 potuissem.
668 3938 739 3990 Tora
747 3936 876 4005 illsregio
886 3934 1031 4006 antiquitus
1041 3932 1182 3986 rnlcsnieis

157 4022 183 4078 i.
197 4018 286 4071 Ossae
297 4029 362 4069 terra
372 4019 447 4068 nasei.
459 4016 521 4068 Non
529 4033 545 4067 e
553 4028 623 4069 terra
667 4015 774 4085 ignibus
785 4014 887 4067 exarsit.
899 4012 966 4065 lnds
976 4010 1053 4065 moise
1062 4012 1114 4064 illas
1122 4030 1182 4065 rer·

117 4109 270 4160 tremuntur,
289 4095 337 4150 sed
356 4108 419 4149 sunt
434 4113 491 4147 osse
509 4094 624 4159 fossilis,
667 4094 768 4158 sutiles,
789 4111 849 4164 qun
861 4092 942 4161 vulgo
953 4096 1043 4161 pierres
1061 4090 1181 4145 mutiam

117 4188 175 4241 qun
190 4176 289 4245 passim
303 4175 485 4231 inveniuntur.
499 4172 564 4226 Vidi
584 4175 623 4226 ei·
668 4165 851 4245 (queres-agnes
861 4163 1117 4241 minin)dieuntur.
1127 4170 1180 4225 En.
