3100 5125
472 496 833 634 mnnn'xxrivr
1116 560 1185 659 475

176 702 295 769 Postea
308 693 409 765 etalii
422 680 556 790 regum⁵
571 697 605 764 in
623 721 724 790 supra
743 696 833 766 dictu
848 695 945 784 urbe,
958 681 1091 767 Sothis⁶
1107 722 1187 792 qua·
1205 717 1220 770 3

128 823 203 876 tuor
222 827 365 874 numero
372 801 397 890 ⁷,
420 800 669 930 ‹puadregenum
691 817 850 872 octonum
871 802 1057 873 cubitorum
1078 803 1186 900 longi-

128 913 250 983 tudine.
278 909 427 979 Ramises
463 921 573 979 autem
592 910 636 996 is,
664 934 731 1004 quo
753 923 913 1004 regnante
930 907 1030 979 llium
1053 925 1187 1006 captum

128 1035 193 1106 est,
215 1015 432 1111 quadraginta
458 1014 676 1084 cubitarent
703 1015 796 1085 Idem
824 1015 990 1111 digressus
1014 1013 1111 1104 inde,
1131 1017 1190 1086 ubi

128 1125 189 1196 fuit
198 1121 366 1192 Mneuidis
377 1119 510 1215 regia¹⁰,
524 1123 635 1215 posuit
643 1120 783 1209 ulium'¹,
792 1121 996 1216 longitudine
1011 1123 1190 1197 undecenis

128 1227 310 1326 pedibus¹²,
323 1253 384 1322 per
400 1226 502 1296 latera
518 1229 638 1298 cubitis
653 1242 806 1322 quatuor.
819 1221 901 1318 (rx.)
914 1231 1009 1324 Opus
1026 1227 1061 1298 id
1074 1229 1190 1299 fecisse

129 1337 283 1406 dicuntur
300 1358 372 1404 cxx
393 1357 434 1403 nt.
460 1333 644 1403 hominnm.
671 1338 748 1430 Ipse
766 1329 843 1422 rer,
861 1359 963 1428 quum
978 1335 1190 1406 subrecturus
1209 1373 1225 1430 4

130 1457 231 1530 esset,
245 1454 480 1533 verereturque
498 1463 541 1508 ne
558 1440 719 1510 machinas
739 1440 878 1535 ponderi
896 1465 964 1510 non
985 1441 1191 1524 sufficerent,

129 1573 194 1644 quo
217 1547 323 1639 majus
340 1544 523 1641 periculum
542 1571 630 1616 curae
649 1546 813 1617 artificum
836 1546 1061 1634 denuntiaret,
1083 1545 1187 1616 filium

130 1681 225 1724 suum
243 1651 431 1747 adalligavit
451 1654 634 1738 cacumini,
650 1667 688 1723 ut
707 1651 795 1724 salus
818 1654 888 1748 ejus
910 1653 1000 1748 apud
1018 1653 1191 1724 molientes
1273 1631 1283 1656 ⁹

129 1760 299 1856 prodesset
313 1773 348 1828 et
364 1756 472 1851 lapidi.
490 1761 562 1827 Hac
580 1758 796 1828 admiratione
818 1759 926 1854 operis
940 1759 1098 1830 effectum
1120 1774 1190 1848 est,

129 1882 168 1937 ut
179 1891 283 1962 quum
296 1863 456 1960 oppidum
471 1864 506 1933 id
524 1880 728 1960 expugnaret
744 1866 925 1961 Cambyses
943 1891 1018 1946 rex,
1038 1879 1191 1936 ventum·

130 1998 194 2068 que
211 1987 297 2042 esset
317 1969 469 2040 incendio
484 1969 526 2040 ad
539 1971 724 2066 crepidines
736 1971 888 2060 obelisci,
906 1973 1069 2068 exstingui
1082 1973 1192 2067 ignem

127 2080 259 2175 juberet
270 2077 368 2148 molis
381 2078 585 2165 reverentia,
602 2079 659 2171 qui
677 2078 769 2149 urbis
788 2077 912 2148 nullam
929 2078 1106 2149 habuerat.

172 2308 199 2364 5.
212 2305 638 2380 Pmmedtngmjtsdtq.
682 2307 834 2364 &rodonis
872 2306 1068 2380 ttmpsinitun
1099 2317 1196 2374 vocar,

134 2410 167 2454 s,
179 2400 205 2441 st
214 2389 361 2455 «dicarunt,
373 2385 450 2460 quod
461 2385 559 2441 eodem
570 2387 639 2440 reci-
681 2388 729 2442 lib.
740 2389 783 2454 11,
797 2389 930 2458 Euterpe,
942 2407 970 2441 n.
984 2403 1029 2442 ar.
1041 2385 1193 2440 H.-}tSS.

131 2468 180 2522 dit.
195 2467 287 2522 Hun.
364 2516 368 2520 .
683 2469 766 2539 Regg.
781 2487 796 2521 n
811 2479 838 2520 et
853 2468 885 2530 3,
898 2468 1037 2520 demiseris.
1050 2467 1135 2520 Bnor.

172 2552 198 2604 6.
213 2547 304 2603 Sotiis.
319 2547 353 2601 In
364 2546 442 2603 MSS.
456 2545 550 2601 Soclsis.
568 2545 640 2601 Alios
725 2566 753 2616 9.
775 2547 949 2618 Quadraginta
968 2545 1108 2599 auditorum.
1127 2544 1194 2599 Sub-

132 2631 171 2683 τὸν
190 2634 280 2693 mss,
299 2626 417 2699 AEgyptii
432 2626 579 2681 caniculam
592 2645 640 2681 ro·
683 2627 819 2697 intellige,
836 2625 946 2681 totidem
965 2628 1000 2679 nb
1020 2627 1066 2680 illo
1081 2626 1195 2698 positos,

132 2722 206 2767 cent,
221 2721 252 2763 ut
266 2706 381 2761 diximus
394 2706 441 2760 lib.
456 2707 498 2771 11,
511 2724 569 2778 oep.
584 2713 640 2770 to,
684 2720 749 2779 quot
763 2707 1052 2777 etapatre‚hocest,
1071 2719 1194 2777 quatuor,

133 2788 313 2841 exDemescio
327 2785 399 2857 apud
409 2786 545 2839 Photinus.
560 2784 641 2838 11...
683 2785 731 2841 sed
750 2787 904 2841 cubitorum
926 2798 1028 2841 tentum
1050 2785 1194 2857 quadrege-

133 2865 221 2921 Sotlu's.
233 2868 310 2921 MSS.
318 2869 401 2937 Regg.
410 2886 438 2928 r,
452 2868 479 2931 3,
489 2878 516 2918 et
526 2866 643 2920 Lauren·
684 2885 760 2921 num.
773 2867 814 2919 Ita
824 2866 971 2920 Kircherus
980 2866 1032 2919 loc.
1046 2866 1091 2919 cit.
1104 2864 1196 2917 lirun.

95 2993 98 2998 .
134 2947 197 3001 tien.
210 2947 290 3015 efoti'e.
304 2947 347 3000 Al.
362 2959 390 2999 et
399 2944 463 3000 edit.
474 2945 560 3017 princ.
571 2945 642 3015 epdo-
729 2964 771 3000 1o.
788 2946 908 3000 Mneuidis
921 2948 998 3017 regia.
1012 2945 1090 2999 Hsnd
1101 2944 1195 3014 procul

135 3025 421 3081 ti’s.Cbilll.llezzonic.
429 3027 504 3079 brot.
513 3024 642 3087 Soctmet
685 3025 820 3097 Heliopoli
832 3047 839 3078 ι
853 3044 916 3079 nem
928 3023 999 3097 apud
1012 3026 1091 3096 hujus
1100 3021 1196 3095 oppidi

133 3106 170 3159 sir
191 3124 299 3179 quoqne
320 3105 413 3161 scribit
426 3105 544 3161 Gronov.
558 3118 586 3158 et
599 3105 641 3157 Al.
686 3105 757 3159 cives
769 3106 874 3159 Mnevis
889 3106 938 3159 bos
956 3104 1109 3169 colebstnr;
1125 3101 1196 3175 npud

133 3199 194 3241 ente
208 3184 293 3239 ilerd.
306 3187 359 3239 En.
685 3184 862 3256 Memphites,
876 3184 949 3256 Apis.
964 3185 1050 3239 Testis
1065 3196 1105 3237 est
1123 3184 1196 3237 Stra·

174 3285 203 3337 7.
219 3266 333 3335 Quaestor
348 3284 454 3318 aunem.
470 3264 541 3317 Tum
554 3281 586 3317 ex
600 3281 644 3316 rn-
687 3266 737 3332 bo,
751 3266 849 3330 XVII,
861 3282 922 3337 pag.
939 3265 1003 3320 aaa.
1017 3265 1112 3318 llsnn.

135 3346 208 3399 tione
225 3364 372 3407 mensurae,
391 3357 448 3397 tum
463 3363 495 3397 ex
512 3342 645 3414 hierogly-
731 3362 775 3399 rt.
785 3344 871 3397 Posuit
878 3346 962 3398 alium.
974 3344 1025 3397 Hic
1033 3344 1079 3398 ille
1090 3342 1198 3413 insignis

134 3426 277 3496 phioorum
288 3425 470 3479 characterum
486 3422 644 3493 interpretu-
687 3424 828 3489 obeliscus,
838 3442 918 3495 quem
929 3424 1017 3477 Sixtus
1027 3426 1053 3475 V
1063 3436 1170 3477 erutum
1181 3439 1196 3474 e

133 3505 223 3569 tione,
245 3504 393 3557 Kirchems
415 3502 533 3573 colligit,
561 3520 592 3555 ex
612 3502 645 3555 iis
688 3502 767 3557 Circo
785 3504 917 3568 maximo,
938 3504 985 3557 nbi
1001 3522 1015 3554 a
1029 3502 1198 3565 Constantio,

135 3597 251 3655 quatuor
262 3583 395 3647 obeliscis,
406 3600 467 3635 enm
481 3600 565 3635 unum
577 3599 642 3645 esee,
688 3583 855 3637 Constantini
861 3584 952 3655 Magni
963 3582 1030 3649 lilio,
1039 3585 1126 3637 luerat
1133 3581 1197 3634 olins

133 3665 182 3735 qni
193 3664 348 3735 Pamphilus
357 3663 506 3733 appellatur
516 3662 551 3717 ab
563 3662 645 3715 Inno-
688 3675 805 3728 erectus,
821 3674 885 3717 teste
904 3662 1012 3736 quidem
1038 3662 1198 3724 Ammiano,

134 3744 226 3797 centio
242 3744 269 3797 Χ
289 3742 434 3807 Pontiliee,
453 3759 467 3794 a
486 3760 540 3812 qno
559 3758 645 3812 nuper
688 3743 737 3796 lib.
750 3742 847 3807 XVII,
863 3744 1074 3807 entebnsilicarn
1096 3742 1199 3793 Latere·

134 3836 252 3887 ereotus,
272 3841 357 3893 quum
375 3820 422 3875 diu
444 3831 591 3893 prostratus
605 3822 646 3892 j·-
687 3840 796 3875 nensens
810 3822 909 3894 ingenti
927 3841 992 3876 suen
1010 3821 1109 3884 erexit,
1128 3837 1199 3872 anno

134 3904 238 3957 cnissct.
254 3901 345 3957 Hsan.
693 3903 778 3957 1588.
795 3902 886 3957 Iliun.
1113 3938 1123 3960 ι

175 3985 202 4037 8.
212 3984 328 4035 Baete.
342 3981 421 4035 Hunc
430 3980 538 4033 Tacitus
548 3978 646 4033 llhsm·
733 4000 778 4033 rs.
790 3981 1032 4053 Uadeoem'spedibus.
1040 3978 1112 4033 Male
1122 3977 1198 4031 MSS.
1289 3984 1293 3995 '

136 4081 181 4115 sen
194 4063 311 4133 appellet
325 4061 422 4115 Annal.
435 4060 482 4113 lib.
497 4059 540 4124 11,
553 4077 582 4130 p.
599 4062 646 4114 61.
691 4063 773 4131 llegg.
792 4074 818 4114 et
836 4062 899 4117 edit.
929 4061 1066 4131 princeps,
1091 4058 1200 4111 undenis.

136 4132 225 4212 i‘rpp'o
243 4140 355 4196 Diodor.
371 4140 451 4195 Sicul.
467 4139 602 4194 Bitt'lit.
618 4140 648 4204 1,
691 4140 764 4193 Brot.
789 4154 848 4211 post
870 4139 1062 4205 lleasonienm,
1085 4138 1201 4193 uadum

136 4238 195 4291 pag.
226 4222 273 4276 51.
302 4221 435 4291 Josepbus
460 4219 646 4290 lllnmphem,
691 4222 760 4271 renis.
779 4220 830 4273 En.
