3100 5125
351 489 421 587 570
507 530 511 541 -
541 454 545 459 ’
616 492 655 559 c.
681 490 851 562 eurum
877 490 984 560 nar.
1013 491 1146 560 ntsr.

349 621 641 694 Intercatiensem⁷
663 620 772 709 illum,
794 621 888 716 cujus
917 636 1047 718 patrem
1070 609 1199 717 Scipio⁸
1222 623 1417 697 AEmilianus

351 755 393 800 ex
410 731 648 824 provocatione
662 729 889 815 interfecerat,
903 752 1024 823 pugnae
1037 728 1108 820 ejus
1126 729 1236 824 effigie
1248 733 1416 826 signasse:

350 835 486 930 vulgato
509 833 663 904 Stilonis⁹
684 837 867 906 Praeconini
893 833 978 918 sale,
1001 835 1159 928 quidnam
1185 837 1283 906 fuisse
1308 838 1417 908 factu·

351 941 456 1012 rum¹⁰
468 967 564 1024 eum,
579 943 606 1010 si
620 942 732 1036 Scipio
743 966 762 1010 a
773 956 867 1036 patre
885 942 955 1035 ejus
968 943 1185 1036 interemptus
1201 957 1294 1012 esset.
1309 945 1417 1014 Divus

352 1051 520 1143 Augustus
544 1050 629 1120 inter
648 1049 740 1117 initia
759 1047 900 1143 sphinge
922 1045 1108 1142 signavit¹¹.
1132 1050 1225 1118 Duas
1245 1051 1280 1118 in
1301 1052 1417 1120 inanis

340 1154 459 1224 'anulis
481 1156 550 1249 jam
576 1155 759 1224 indiscretae
781 1153 999 1224 similitudinis
1019 1147 1206 1224 invenerat.
1220 1153 1335 1225 Altera
1357 1180 1417 1249 per

355 1260 441 1330 bella
451 1260 575 1343 civilia,
586 1262 721 1330 absente
735 1284 787 1346 ec,
803 1262 899 1328 amici
909 1261 1079 1355 signavere
1089 1260 1243 1353 epistolas
1252 1276 1286 1331 et
1298 1261 1417 1350 edicta,

354 1392 430 1460 qum
452 1368 536 1436 ratio
554 1380 742 1461 temporum
762 1367 896 1436 nomine
919 1366 989 1459 ejus
1007 1365 1099 1434 reddi
1121 1365 1326 1459 postulabat,
1350 1392 1416 1436 non

349 1473 493 1542 infaceto
510 1471 623 1568 lepore
639 1474 872 1567 accipientium
888 1474 1061 1567 enigmata
1079 1470 1200 1540 afferre
1217 1497 1290 1542 eam
1304 1473 1416 1568 sphin-

348 1604 433 1672 gem.
451 1580 654 1668 Quinetiam
670 1580 863 1649 Maecenatis
878 1575 1000 1664 rana¹²,
1018 1602 1078 1673 per
1094 1576 1304 1649 collationem
1323 1603 1418 1674 pecu·

348 1762 521 1815 Plutarchum
532 1764 561 1815 in
572 1762 655 1836 Sylla.
665 1765 733 1815 Dar..
744 1792 787 1803 --
798 1763 860 1815 Tra·
903 1761 993 1832 Scipio
1001 1761 1168 1827 AEmilianus,
1177 1762 1208 1816 L.
1216 1763 1293 1815 Pauli
1303 1763 1335 1816 F.
1345 1763 1417 1818 Atri-

348 1842 438 1894 dita'one
451 1842 588 1912 iugurtha.
603 1843 662 1895 Hoc
673 1854 724 1906 est,
735 1842 820 1914 sigillo
831 1843 860 1895 in
903 1842 962 1895 caui
974 1859 1073 1913 nepos,
1088 1839 1135 1894 sed
1146 1840 1306 1913 adoptivus,
1321 1862 1417 1914 proro-

348 1939 403 1993 quo
416 1922 535 1975 Bocchus
553 1935 610 1976 erat
629 1922 792 1992 insculptus,
811 1923 860 1976 Ju-
903 1935 1020 1975 satorem
1027 1921 1414 1978 barbarumtribunusmilitum

348 2001 559 2072 gurtbamSyllss
572 2000 860 2056 rodenmannum
904 2000 1010 2055 occidit.
1025 2027 1037 2049 ι
1055 2000 1143 2055 llaau.

350 2081 378 2132 in
391 2080 493 2146 Mario,
508 2100 568 2153 pag.
584 2089 638 2146 411
653 2102 659 2132 s
673 2083 752 2141 Αὐτός
762 2103 790 2135 τι
803 2085 862 2136 Ill·
945 2099 972 2148 9.
995 2079 1103 2134 Stilonis.
1124 2083 1164 2134 De
1182 2101 1214 2133 eo
1232 2082 1260 2134 in
1276 2095 1416 2136 auctorum

348 2166 394 2221 ta<
402 2156 529 2231 σφραγῖδα
539 2159 702 2232 ποιησάμενος
711 2164 797 2232 lpipu,
806 2170 861 2234 γλυ·
892 2159 997 2223 ,Indice
1007 2159 1136 2224 diximus,
1148 2163 1233 2214 verho
1244 2163 1331 2214 AEls'us
1344 2161 1415 2215 Stilo.

349 2241 395 2308 salt
416 2241 517 2308 ignauus
539 2243 726 2312 ίγχιιριζόμινον
744 2243 792 2294 ὑπὸ
817 2248 861 2296 τοῦ
905 2242 938 2292 ln
963 2241 1040 2294 Colh.
1064 2239 1080 2292 3
1102 2240 1177 2293 aliter
1205 2241 1261 2295 haec
1282 2243 1417 2312 leguntur,

348 2319 445 2387 Βόκχου
474 2322 515 2373 τὸν
537 2310 677 2390 innupto
701 2321 798 2392 ἑαυτῷ,
819 2321 860 2375 aul
905 2318 951 2373 sed
960 2318 1094 2383 mendose,
1104 2319 1338 2392 credo:·vulgato
1347 2320 1416 2386 stilo,

349 2401 430 2469 ταύτῃ
449 2400 572 2470 χρόμινος
601 2400 640 2454 tu
663 2395 778 2454 daurom.
803 2401 861 2454 Hoc
905 2393 1062 2471 plerumque
1096 2398 1299 2452 incommodum
1331 2400 1417 2454 valere

348 2479 437 2548 ipsum
459 2478 554 2551 repetit
571 2480 682 2546 iterum,
700 2497 760 2550 pag.
785 2485 860 2544 Μ,
904 2477 1022 2549 aliquid:
1035 2497 1090 2531 non
1103 2479 1174 2532 enim
1187 2481 1240 2532 hoo
1252 2481 1417 2534 luisseactu·

350 2571 377 2611 et
389 2558 418 2612 iu
435 2559 526 2631 Sylla,
539 2578 599 2632 pag.
615 2559 687 2623 45¹,
705 2572 732 2613 et
744 2560 815 2613 libro
828 2559 862 2614 de
904 2578 965 2612 rum
978 2578 1054 2624 eum,
1067 2558 1102 2617 si,
1117 2572 1166 2613 etc.
1184 2585 1195 2607 ι
1213 2557 1307 2615 liano.

349 2638 426 2710 Raip.
442 2638 563 2711 gerendas
581 2640 735 2711 praeceptis,
750 2658 779 2710 p.
796 2644 861 2695 806.
948 2656 993 2693 ao.
1005 2639 1144 2691 Facturum.
1155 2639 1231 2693 Brot.
1245 2658 1278 2693 ex
1293 2642 1376 2712 liegg.
1389 2652 1415 2695 et

350 2718 473 2772 Valerius
489 2719 562 2773 Max.
574 2720 622 2772 lib.
636 2721 721 2783 VIII,
733 2738 791 2791 cap.
809 2727 861 2786 rit,
904 2716 947 2770 ed.
962 2718 1047 2791 princ.
1062 2720 1238 2773 acturumEn.

348 2816 377 2868 p.
394 2800 468 2863 408:
489 2825 500 2846 ι
516 2800 547 2851 1..
561 2800 661 2869 Sylla..
674 2800 862 2870 ,saguntina
947 2815 991 2850 aa.
1014 2797 1121 2868 Sphinge
1139 2802 1253 2869 signauit.
1273 2800 1417 2869 Pompeius
1493 2794 1496 2799 ’

294 2888 297 2895 ·
349 2877 457 2930 Boccho
478 2896 540 2948 rege
554 2876 588 2931 ad
602 2880 718 2931 Marium
739 2878 862 2949 perducti
904 2876 1020 2930 ensifero
1030 2879 1115 2933 leone.
1124 2879 1247 2933 Alex.ab
1258 2880 1336 2932 Alex.
1347 2880 1365 2933 l.
1376 2880 1417 2942 11,

350 2966 433 3011 totam
452 2957 504 3011 sibi
518 2956 624 3010 laudem
641 2970 694 3011 tam
709 2958 808 3029 cupida
820 2978 860 3012 as·
904 2974 963 3027 cap.
985 2976 1029 3026 19.
1052 2959 1154 3011 Danao.
1167 2990 1207 3000 -
1224 2958 1343 3031 Sphinge.
1366 2959 1416 3011 Dio

349 3037 446 3102 misit,
456 3050 487 3090 ut
496 3037 577 3090 anulo
586 3055 640 3108 quo
648 3039 793 3110 signatorio
805 3050 862 3091 ute·
905 3036 1023 3102 Cassius,
1034 3037 1081 3089 lib.
1094 3038 1199 3101 xm,
1211 3057 1239 3109 p.
1256 3046 1322 3109 417.
1332 3039 1416 3092 'I'aau-

348 3116 437 3181 batur,
444 3118 595 3190 inscriptam
606 3118 677 3171 illam
687 3116 859 3171 traditionem
904 3116 1002 3189 quillus
1015 3117 1043 3169 in
1058 3118 1193 3188 Augusto,
1213 3136 1273 3188 cap.
1288 3136 1305 3169 a.
1325 3136 1333 3170 :
1354 3144 1365 3165 ι
1383 3119 1415 3170 Iu

349 3196 468 3249 haberet.
480 3223 491 3244 ι
503 3198 625 3251 Bocchus
633 3198 791 3269 Iugurtham
804 3198 862 3269 Syl·
904 3196 1275 3270 diplomatibus,libellisque,
1286 3209 1313 3249 et
1321 3198 1415 3269 episto·

350 3276 382 3328 lss
393 3274 509 3341 dedidit,
525 3296 608 3348 quum
621 3278 670 3332 isa
684 3278 771 3331 Mario
789 3278 860 3349 lega·
903 3276 935 3329 lis
955 3275 1106 3346 signandis,
1125 3276 1202 3329 initio
1223 3277 1338 3348 sphinge
1356 3294 1416 3329 usus

349 3366 407 3407 tum
417 3369 516 3426 ageret,
527 3375 596 3410 anno
605 3358 640 3411 U.
651 3358 682 3412 C.
693 3360 759 3418 648.
771 3358 861 3411 Exstat
904 3368 956 3409 est:
965 3373 1026 3408 mox
1036 3356 1150 3426 imagine
1160 3356 1250 3427 Magni
1259 3355 1416 3409 Alexandsit

350 3436 408 3506 ejus
433 3436 496 3489 iacti
518 3437 647 3490 memoria
674 3438 702 3491 in
726 3438 858 3504 nummis,
903 3435 1046 3488 novissime
1070 3453 1137 3500 sua,
1154 3435 1318 3489 Dioscoridis
1335 3454 1414 3489 mauu

349 3513 421 3585 apud
432 3516 570 3581 Palmum,
581 3535 641 3590 pag.
655 3520 702 3572 aa.
713 3516 804 3571 Haan.
902 3516 1005 3585 sculpta
1016 3535 1023 3566 s
1035 3534 1087 3585 qua
1098 3516 1201 3587 signare
1209 3514 1344 3587 insequuti
1353 3534 1417 3587 quo·

321 3606 324 3613 '
389 3614 416 3666 7.
435 3597 636 3650 Intercatiensem.
659 3598 700 3649 ah
720 3596 862 3650 Intercatia
904 3612 957 3666 qus
971 3594 1108 3666 principes
1119 3606 1334 3665 perseverarunt.
1350 3620 1361 3642 ι
1377 3595 1414 3648 Si·

349 3674 482 3747 Hispania
491 3676 621 3730 citerioris
631 3674 749 3747 oppido,
760 3675 795 3731 de
806 3694 860 3747 quo
903 3675 958 3744 gilli
972 3675 1066 3745 hujus,
1080 3674 1136 3726 sive
1147 3675 1266 3746 sphingis
1280 3674 1413 3745 effigiem,

348 3753 394 3805 lib.
406 3755 464 3817 111,
478 3773 535 3825 cap.
552 3761 579 3817 4.
595 3757 685 3808 liano.
903 3753 974 3806 disce
995 3771 1026 3805 ex
1042 3754 1146 3811 Plinio.
1163 3755 1211 3808 lib.
1222 3755 1307 3817 VIII,
1327 3772 1350 3807 c.
1370 3753 1414 3807 3ο.

390 3836 416 3886 ll.
432 3834 513 3905 Scipio
528 3835 686 3887 AEmtuarus.
700 3832 775 3887 Idam
789 3834 859 3887 Airi-
903 3832 937 3885 fl.
948 3831 1106 3902 -Spltingo
1118 3832 1264 3905 Sphingem
1278 3832 1369 3886 videre
1376 3846 1414 3887 est

347 3913 783 3985 canuspostsriorsppellatus,qui
793 3915 858 3967 Car·
902 3912 931 3965 iu
945 3912 1061 3965 nummis
1078 3912 1182 3966 familiae
1198 3913 1313 3967 Carisiae.
1331 3914 1414 3965 Baos.

348 3992 482 4062 thaginem
504 3994 731 4063 Numantiamque
750 3993 857 4047 delevit.
901 3992 1007 4044 -Jum
1017 3992 1160 4046 indiscreta.
1173 3994 1277 4046 Broter.
1292 4012 1325 4046 ex
1338 3990 1413 4046 MSS.

347 4072 471 4140 Epitome
484 4073 567 4136 Livii,
583 4074 631 4126 lib.
644 4073 764 4125 XLVIII
776 4094 783 4123 ι
798 4098 809 4120 ι
824 4074 857 4125 ln
902 4074 931 4125 sl
943 4074 997 4142 jam
1009 4071 1115 4126 delevit.
1129 4073 1180 4126 En.

345 4146 470 4221 Hispania
495 4154 526 4204 P.
552 4152 695 4207 Cornelius
719 4152 857 4207 Africanus
946 4168 989 4204 η.
1009 4150 1150 4205 Moeesnats's
1171 4172 1243 4205 suno.
1264 4152 1364 4206 Seneca
1385 4150 1412 4202 iu
