3100 5125
274 540 286 562 x
367 611 415 684 9⁰
642 592 682 660 C.
707 588 873 661 PLINII
897 590 1004 660 NAT.
1028 590 1155 659 illst.

367 723 523 792 admixto.
553 708 665 793 Sistit⁵
691 737 726 792 et
757 727 951 819 sanguinem
990 748 1008 793 e
1044 723 1181 793 cerebro
1218 718 1428 789 defluentem.

367 829 546 899 Efficacior
567 842 602 897 et
627 844 745 899 contra
773 833 916 900 recentia
937 814 1118 899 vulnera⁶z
1143 842 1177 897 et
1197 840 1314 896 contra
1334 840 1430 896 vete-

366 958 420 1005 res
448 956 568 1004 canum
594 958 724 1005 morsus
756 939 923 1033 inspersus
957 936 1093 1007 farina:
1122 934 1180 1005 et⁷
1212 948 1329 1003 contra
1360 956 1429 1001 am·

366 1040 462 1111 busta
481 1042 566 1136 igni,
592 1066 668 1111 cum
690 1042 803 1138 adipe,
823 1068 862 1113 ac
882 1028 1018 1139 spuma'
1040 1035 1183 1138 argenti,
1212 1060 1430 1134 cerussaque,

334 1159 401 1218 set
425 1169 510 1217 cera.
541 1147 684 1217 Uritur⁹
713 1162 824 1219 autem
854 1150 928 1221 offis
959 1148 1073 1219 bubuli
1106 1148 1175 1217 fimi
1208 1144 1429 1219 circumlitum

366 1256 402 1323 in
425 1252 594 1323 clibanis:
623 1254 699 1325 dein
713 1255 740 1281 ¹⁰
767 1259 982 1352 restinguitur
1012 1253 1187 1323 mulierum
1221 1251 1324 1335 lacte,
1352 1254 1430 1320 teri·

366 1371 488 1454 tuique
514 1362 548 1429 in
578 1364 757 1449 mortariis,
781 1362 924 1431 admista
950 1384 1033 1456 aqua
1063 1359 1184 1455 pluvia.
1216 1362 1265 1428 Ac
1291 1356 1432 1427 subinde

366 1466 538 1535 turbidum
557 1467 798 1537 transfunditur
811 1470 845 1538 in
858 1493 979 1538 aereum
995 1492 1071 1551 vas,
1090 1480 1124 1535 et
1136 1464 1314 1534 mundatur
1329 1466 1429 1532 nitro.

366 1576 444 1641 Fer
474 1573 545 1666 ejus
583 1572 776 1669 intelligitur
806 1574 1086 1669 plumbosissimu,
1115 1592 1255 1666 quaeque
1281 1568 1429 1641 subsedit

367 1679 402 1745 in
422 1680 580 1748 mortario
601 1680 828 1775 abjiciturque.
840 1683 927 1751 Dein
940 1704 1019 1766 vas,
1038 1682 1153 1773 inquo
1170 1676 1303 1747 turbida
1319 1692 1430 1745 trans-

367 1783 441 1855 fusa
459 1799 550 1874 sunt,
571 1797 725 1880 opertum
747 1785 849 1858 linteo
864 1799 1071 1883 pernoctem
1087 1782 1300 1878 relinquitur,
1322 1797 1356 1852 et
1371 1806 1431 1877 pc·

366 1902 455 1960 stcro
475 1891 529 1960 die
552 1892 642 1986 quod
670 1894 814 1980 innatat,
839 1894 1043 1979 effunditur,
1071 1890 1275 1987 spongiaque
1294 1887 1430 1959 tollitur.

331 2010 347 2063 3
365 1998 467 2087 Quod
482 1998 529 2067 ibi
546 1999 710 2088 subsedit,
729 2000 791 2070 llos
807 2000 1012 2096 intelligitur,
1027 2022 1067 2068 ac
1081 1996 1216 2067 linteolo
1235 1995 1431 2091 interposito

363 2170 491 2226 illinunts
502 2189 555 2243 qua
567 2171 602 2225 de
613 2179 871 2244 causaetyusutariss
925 2168 1037 2227 scoridis
1050 2170 1134 2243 ipsius
1148 2170 1206 2225 bea
1225 2169 1306 2222 verba
1322 2171 1434 2235 sunt‚V,

363 2252 512 2305 aDioscor.
523 2252 551 2305 in
563 2252 873 2307 Notbisvoeaturll-
926 2270 962 2322 99
978 2270 985 2305 ε
1000 2243 1071 2312 ἰδίως
1087 2247 1117 2303 dl
1131 2250 1165 2302 τὰ
1182 2250 1369 2319 resumptura
1389 2252 1433 2303 tus

363 2326 479 2383 Stlbiutn
493 2329 628 2386 Ambibus
640 2348 715 2386 nuuc
728 2331 828 2387 dicitur
847 2334 876 2385 ul
924 2334 953 2405 li
971 2335 1147 2402 luzuput'satm,
1163 2331 1206 2383 sits
1227 2330 1298 2389 ςίατι
1313 2346 1433 2399 καταχρι-

363 2409 465 2465 Kedoi.
478 2408 594 2465 Feminae
607 2410 695 2466 adhuc
708 2424 741 2465 eo
756 2414 873 2487 pingunt
924 2412 977 2466 stis
990 2418 1084 2482 stupis,
1101 2422 1150 2463 ete.
1169 2408 1321 2462 «Privatim
1335 2408 1432 2461 ambu-

362 2490 469 2556 oculosg
482 2491 531 2561 qui
541 2506 600 2543 mes
611 2492 806 2565 antiquissimus
819 2506 870 2559 est,
922 2504 961 2547 sta
974 2492 1029 2562 igni
1043 2492 1071 2543 in
1084 2486 1211 2545 crdstulas
1224 2504 1363 2560 erumpere
1374 2506 1431 2541 non

362 2580 429 2623 teste
444 2571 575 2637 Ieremia,
593 2568 643 2636 tv,
664 2570 707 2626 30.
727 2573 770 2627 ct.
792 2576 871 2627 Susw
922 2575 1031 2646 patitur,
1042 2589 1103 2626 cum
1118 2571 1218 2624 receuti
1230 2569 1309 2642 adipe
1321 2568 1430 2632 fillium·

362 2648 429 2703 vidit
446 2651 584 2722 pulverem
601 2651 677 2704 illum
696 2651 769 2704 stibii
787 2667 813 2707 et
830 2654 872 2707 le·
923 2666 970 2708 etc.
990 2678 1001 2700 ι
1019 2651 1097 2705 Certe
1118 2651 1204 2722 aptior
1222 2645 1256 2701 ad
1274 2647 1431 2702 illinendum

361 2746 422 2781 vem
432 2729 589 2783 arundinem
601 2749 653 2802 qua
665 2733 809 2786 utebantur
819 2733 872 2804 pri·
923 2732 1012 2805 adeps,
1021 2747 1100 2804 quam
1109 2730 1201 2782 turine
1210 2745 1292 2783 massa
1299 2729 1430 2780 subactas:

361 2808 416 2873 tei,
428 2809 539 2861 utinter
550 2809 675 2882 papillam
688 2811 759 2864 oculi
773 2825 801 2865 et
813 2813 871 2882 pal-
923 2831 972 2866 nec
986 2812 1020 2864 de
1037 2829 1069 2864 er
1081 2812 1163 2880 stupis
1180 2812 1255 2878 στέαρ
1270 2805 1325 2860 dici
1343 2807 1432 2878 legere

360 2887 458 2958 pebras
469 2887 580 2941 stibium
593 2888 767 2953 inducerent,
792 2905 819 2944 et
833 2892 871 2946 sic
923 2908 966 2945 me
980 2891 1106 2954 memini,
1122 2907 1173 2943 nec
1188 2885 1268 2942 eredo
1281 2905 1358 2956 posse
1376 2885 1431 2940 :de

360 2966 453 3018 oeulos
465 2964 619 3032 dilatarent,
632 2981 736 3041 reperta
746 2971 775 3023 in
786 2971 872 3044 sepul·
924 2967 1002 3042 adipe
1013 2971 1113 3023 recenti
1125 2969 1243 3040 legitime
1258 2967 1365 3021 dicitnr.
1377 2967 1432 3018 De·
1493 2975 1496 2986 '

361 3045 414 3098 eris
431 3043 546 3100 deserti:
564 3047 640 3118 quod
658 3050 759 3104 Arabes
773 3065 872 3105 vocant
922 3053 1004 3123 nique
1013 3067 1068 3103 non
1080 3049 1181 3103 Plinius
1192 3046 1281 3106 modo,
1294 3045 1342 3100 sed
1355 3045 1433 3098 etSe·

360 3124 465 3178 Salam.
493 3127 592 3194 Sasu,
624 3129 724 3202 Voyug.
749 3143 816 3186 tum.
841 3129 871 3197 l,
922 3131 997 3203 rapio
1020 3147 1126 3201 quoque
1146 3125 1225 3200 adipe
1246 3127 1355 3180 stibium
1380 3126 1433 3179 cir·

359 3223 421 3277 pag.
433 3203 500 3260 ass.
513 3208 598 3260 seor.
925 3209 1036 3264 eumllnl
1045 3210 1146 3282 pariter
1159 3208 1266 3261 solitum
1276 3206 1388 3260 scribit:
1404 3216 1431 3257 et

401 3286 428 3339 t.
442 3284 688 3341 sustentante.
703 3289 797 3344 Haan.
923 3307 938 3343 e
956 3289 1149 3343 recentioribus
1165 3287 1301 3359 Psl'npins
1319 3285 1354 3339 de
1369 3285 1430 3338 Nrt.

399 3363 694 3436 &marmorearum
704 3371 870 3423 menn'auut
923 3369 1040 3432 fossitv,
1056 3387 1101 3439 ²9·
1114 3369 1205 3421 litun.

359 3462 427 3497 uere.
437 3443 545 3510 Scribe,
561 3447 678 3501 «etum
689 3461 716 3501 et
724 3463 819 3502 contra
828 3467 871 3502 re·
964 3451 990 3502 8.
1002 3448 1071 3501 'Cum
1092 3448 1163 3518 adpo
1177 3465 1207 3498 se
1230 3461 1313 3516 spuma
1326 3447 1431 3514 arguisti.

358 3525 445 3578 tenna
457 3539 593 3591 tensum»
607 3527 747 3600 exscripto
760 3527 869 3582 codice:
894 3529 898 3536 '
922 3527 1089 3583 Vertendutn
1121 3542 1153 3580 ex
1185 3523 1356 3588 Dioscoride,
1386 3521 1432 3576 sed

358 3604 497 3658 sunteuim
507 3606 622 3659 recentia
632 3617 660 3662 et
668 3609 814 3662 inveterata
825 3623 870 3661 re·
921 3627 1005 3662 massa
1031 3606 1123 3660 farine
1146 3623 1214 3677 aqua
1243 3605 1374 3662 subactae,
1396 3607 1432 3672 rip

358 3697 439 3748 nent,
452 3696 482 3737 nt
498 3699 715 3762 supranotatum
729 3699 776 3743 est.
789 3687 868 3741 Prnr.
922 3685 1075 3750 eimuVide
1093 3686 1196 3755 lapsum
1213 3682 1335 3736 eumdem
1352 3679 1432 3734 Plinii

397 3779 426 3834 7.
440 3763 479 3816 Et
491 3777 575 3817 eontra
587 3765 696 3821 umbrata
706 3766 765 3837 igni.
780 3767 868 3820 Plinio
923 3765 1136 3822 snimadversum
1146 3783 1224 3836 supra
1235 3764 1282 3816 lib.
1295 3763 1392 3831 lme-
1405 3775 1433 3830 9.

356 3841 445 3897 arcam
467 3845 561 3898 ,aisn
583 3837 659 3916 (aar.
680 3839 757 3918 seq.)
778 3848 868 3900 utres.
922 3829 1138 3903 nisse-vid.
1155 3856 1210 3896 sot.
1225 3861 1283 3914 sup.

356 3921 430 3993 quud
448 3936 531 3994 quum
551 3940 651 3995 grecus
672 3940 793 3979 auctora
812 3937 868 3997 quo
963 3945 989 3996 9.
1005 3925 1097 3978 Uritur.
1113 3924 1191 3977 Hunc
1203 3924 1258 3976 lere
1271 3919 1368 3975 urendi
1376 3937 1434 3972 rno-

356 4001 471 4055 hausisse
479 4001 536 4056 brec
548 4003 667 4071 videtur,
678 3995 778 4058 'dixerit
794 4008 868 4077 etup,
921 4003 985 4059 dum
1005 4004 1084 4058 docet
1096 4003 1201 4057 Oribas.
1217 4001 1302 4065 XIII,
1320 4017 1346 4072 p.
1366 3997 1432 4053 air.

355 4081 414 4152 ipse
432 4084 542 4136 verterit
560 4083 683 4156 adipem,
702 4103 785 4157 quum
805 4085 867 4138 lari·
923 4087 1014 4139 lisru.
1384 4085 1386 4092 ’

355 4177 418 4214 nam
429 4173 499 4233 aqua
508 4165 644 4218 subactam
660 4181 691 4218 ea
703 4179 770 4218 voce
787 4165 868 4218 intel·
962 4182 1005 4219 ro.
1018 4159 1345 4234 Deinrestlrgus'tur.Dinsc.
1360 4157 1432 4211 simi·

355 4239 402 4318 agi
417 4240 502 4296 multo
525 4245 627 4316 aequius
648 4242 737 4298 luerit.
756 4243 867 4298 stuto·
922 4241 1237 4314 liter,V,99:ttspsstv
1255 4237 1431 4294 diuideretur
