3100 5125
366 466 432 537 ¹90
634 445 673 512 C.
698 443 863 512 PblNll
888 445 993 514 NAT.
1017 443 1143 511 HIST.

310 585 343 636 26
414 574 599 646 Desilaus¹⁹
619 575 868 668 Doryphoron,
903 590 937 644 et
962 577 1162 644 Amazonem
1201 572 1427 646 vulneratam.

361 683 551 751 Demetrius
559 679 584 705 ²⁰
613 682 849 774 Lysimachen,
880 705 953 774 quae
989 681 1143 750 sacerdos
1172 681 1332 750 Minervae
1357 681 1427 750 fnit
1475 728 1480 734 -

362 789 456 856 annis
469 789 637 880 sexaginta
654 801 805 880 quatuor.
825 786 918 856 Idem
932 801 967 855 et
979 789 1182 871 Minervam,
1203 811 1277 879 quse
1294 788 1428 856 Musica

362 891 599 988 appellatur²¹,
637 894 794 986 quoniam
825 893 986 968 dracones
1012 895 1047 960 in
1069 895 1227 986 Gorgone
1237 888 1261 916 ²²
1288 893 1358 985 ejus
1382 891 1429 962 ad

362 1001 446 1069 ictus
464 998 602 1068 citharae
622 1000 742 1067 tinnitu
757 1013 924 1068 resonant.
940 998 1033 1066 ldern
1050 999 1193 1091 equitem
1211 998 1379 1066 Simonem
1387 983 1428 1084 ²³,

360 1220 402 1274 καὶ
416 1222 534 1290 xssplnr.
548 1219 690 1273 Charilam
710 1221 868 1272 ststusrium
914 1220 1071 1292 sinistruque
1090 1221 1166 1275 freno
1184 1234 1265 1274 tenet.
1277 1219 1370 1286 Quum
1389 1223 1425 1276 ti·

360 1299 537 1370 Olynthium,
554 1297 626 1369 npud
650 1300 759 1352 Pausan.
786 1299 868 1354 Eliso.
915 1301 986 1354 tulus
1004 1300 1115 1372 picturis
1134 1319 1189 1352 non
1208 1299 1381 1372 respondeat,
1401 1302 1425 1355 si
1494 1301 1496 1306 ’

361 1391 430 1450 post.
444 1397 469 1449 p.
483 1377 550 1447 375.
560 1379 651 1430 llsan.
916 1398 967 1432 vox
977 1381 1055 1433 unica
1067 1377 1191 1434 medetur
1202 1397 1257 1432 esse
1270 1398 1426 1433 mensuro-

405 1477 448 1527 ¹9·
463 1459 582 1510 Desilaus.
594 1459 722 1517 Δησίλαος.
740 1457 784 1510 Sic
797 1457 869 1509 euim
911 1477 960 1522 nr,
975 1471 1047 1512 certo
1058 1457 1087 1512 id
1098 1461 1186 1530 ipsum
1200 1471 1356 1528 srgumento
1369 1471 1425 1525 est,

361 1537 437 1592 MSS.
449 1538 513 1608 neg.
530 1557 557 1600 a,
570 1536 688 1589 Colbert.
705 1536 731 1601 3,
749 1537 866 1607 aliique:
914 1537 1030 1610 aliquam
1041 1537 1079 1590 ibi
1094 1538 1175 1591 latere
1187 1539 1423 1609 sententiamque

360 1636 431 1681 non,
442 1629 471 1669 ut
486 1614 564 1674 editi,
581 1615 700 1668 etesium
712 1634 723 1668 .·
735 1617 811 1687 cujus
823 1616 871 1668 hs·
914 1618 975 1670 solis
984 1616 1150 1688 singularum
1166 1634 1261 1670 nocuus
1275 1617 1369 1688 primis
1379 1617 1426 1671 lit-

361 1697 417 1749 bitn
430 1696 511 1766 paulo
526 1709 586 1748 sute
602 1694 717 1759 mentio,
732 1694 759 1747 iu
776 1711 869 1747 eorum
914 1698 975 1749 teris
996 1696 1154 1768 syllabisque
1175 1697 1348 1767 exprimatur.
1372 1697 1426 1750 Le-

361 1793 474 1828 numero
487 1793 599 1846 quorum
617 1773 772 1826 nominibus
785 1773 870 1846 prefi-
914 1774 1029 1846 gendum
1037 1776 1075 1828 sic
1083 1775 1181 1846 igitur:
1198 1801 1210 1823 ι
1223 1775 1422 1846 Illlperstorum

361 1855 434 1925 gitur
443 1855 563 1908 litterae.
575 1853 667 1906 lisso.
914 1855 1019 1908 Primus
1033 1855 1186 1926 Equitatnm
1204 1856 1353 1908 Romanum
1368 1859 1425 1910 Au-

404 1952 448 1986 so.
477 1934 623 1985 Dementiae.
655 1931 782 1985 Meminit
812 1933 890 2003 ejusr
914 1933 1418 2006 xiliaremTrsJ'snusOllientilntulit·

361 2013 550 2080 Quintilisnus.
565 2013 631 2076 ΧΠ,
643 2029 686 2076 ιο,
698 2029 727 2082 p.
742 2011 810 2080 895,
822 2011 870 2064 ubi
914 2014 965 2067 Vir
978 2031 1078 2084 equam
1091 2032 1199 2084 regens,
1214 2032 1264 2086 qus
1280 2014 1366 2068 forms
1377 2013 1424 2067 hio

361 2093 395 2146 de
409 2093 539 2148 statuariis
554 2108 584 2144 t·
595 2091 754 2153 Demetrius,
768 2089 870 2162 inquit,
913 2091 1042 2164 pingitur,
1052 2094 1129 2146 etiam
1143 2093 1260 2146 cernitur
1271 2093 1298 2145 in
1308 2111 1421 2146 nummo

361 2185 494 2243 tamqusm
515 2170 615 2224 nimius
633 2169 660 2222 in
677 2188 708 2224 ea
725 2170 870 2242 repr-eben·
913 2171 988 2226 Geta
1007 2171 1149 2243 inscripto,
1169 2189 1282 2238 emron
1297 2185 1325 2225 st
1345 2172 1423 2243 equi·

360 2251 434 2306 ditur
452 2245 574 2320 (nempe
594 2248 622 2302 in
647 2250 756 2303 veritate
780 2249 869 2321 expri·
914 2261 968 2304 tem
1001 2251 1199 2322 equitatumque
1227 2250 1361 2322 designem
1386 2253 1423 2304 ob

360 2328 474 2393 menda)
485 2342 511 2384 et
526 2330 575 2383 luit
587 2326 779 2394 similitudinis,
789 2347 869 2400 quem
913 2329 981 2384 illud
1001 2331 1103 2384 Horatii
1114 2369 1122 2395 ,
1133 2329 1222 2384 Castor
1231 2329 1324 2402 grube
1339 2349 1400 2402 equo
1412 2350 1423 2383 .·

360 2407 567 2481 pulchritudiuis
580 2408 722 2462 ementior.
738 2434 749 2456 ι
764 2409 805 2462 De
819 2407 870 2462 hse
913 2421 974 2481 post
982 2409 1052 2462 illud
1063 2410 1232 2464 Homericum
1243 2430 1249 2461 :
1260 2410 1372 2480 Κάςορος
1381 2411 1424 2462 ln·

359 2489 517 2564 Lysimscbe
538 2488 678 2542 Psussniss
695 2487 725 2541 in
742 2486 827 2541 Attio.
842 2489 869 2553 Ι,
912 2485 1047 2560 ποδάμοιο.
1077 2489 1168 2543 Alium
1193 2502 1319 2560 preterea
1342 2507 1421 2542 num·

360 2588 390 2640 p.
405 2576 450 2641 49.
463 2571 553 2623 Euo.
913 2587 987 2622 mum
1007 2566 1107 2623 ibidem
1126 2570 1207 2623 refert
1219 2570 1308 2633 Oeen,
1324 2568 1419 2641 inquo

402 2668 445 2702 ss.
461 2652 525 2719 Ques
538 2649 633 2701 Musica
651 2647 796 2717 appellatur.
819 2647 870 2700 Mi·
916 2647 1069 2721 uquadrigm
1076 2649 1423 2720 triumphalesduquinpnl·

360 2742 448 2783 nentes
457 2724 644 2798 Musictenpud
656 2728 782 2780 Senecam
795 2745 868 2779 men·
913 2728 1078 2793 cherrimus:
1097 2728 1124 2781 in
1145 2728 1274 2798 capitibus
1290 2746 1422 2799 equorum

360 2808 413 2870 tio,
428 2807 476 2878 qui
498 2807 670 2861 Athenienses
694 2806 731 2858 ait
751 2806 868 2860 Antonio
913 2808 1024 2879 singulis
1037 2808 1147 2879 pslmss:
1167 2820 1193 2860 et
1207 2807 1292 2879 figura
1304 2806 1422 2861 insidens

363 2884 481 2939 sdulatos
500 2886 597 2939 dixisse
618 2885 687 2939 velle
705 2903 733 2937 se
754 2884 870 2957 despon·
913 2887 1021 2951 currui,
1044 2887 1136 2940 dextrs
1157 2885 1270 2957 flagrum
1294 2899 1341 2939 sut
1364 2905 1422 2941 sce·

361 2964 425 3019 dere
435 2966 459 3019 ei
470 2967 618 3019 Minervam
634 2983 708 3017 susm
719 2965 866 3017 Musis-am:
912 2979 1003 3037 ptrum
1020 2967 1124 3036 potius,
1139 2965 1242 3019 sinistra
1253 2966 1368 3036 palmam
1386 2980 1422 3020 te·

361 3046 458 3116 quibus
473 3046 518 3099 ille
532 3043 697 3115 respondisse
715 3044 808 3107 fertur,
820 3042 869 3097 du·
913 3058 965 3097 net.
985 3070 996 3093 ι
1013 3044 1166 3118 Epigrapbe
1181 3044 1290 3109 eadem,
1305 3062 1421 3098 rurens-

361 3138 466 3178 ctnrum
486 3144 514 3178 se
531 3123 658 3195 quidem,
675 3122 720 3175 sed
736 3122 805 3177 dotis
821 3142 869 3176 no·
912 3142 989 3177 ross.
1013 3124 1091 3179 Hunc
1113 3124 1163 3176 sibi
1185 3125 1269 3179 visum
1287 3124 1367 3177 luisse
1386 3124 1420 3176 D.

360 3205 433 3257 mine
442 3205 571 3277 imperare
583 3203 776 3257 seillistalenta
785 3203 868 3257 mille.
912 3202 1084 3257 Mezzabarbs
1102 3216 1224 3268 testatur,
1237 3222 1295 3274 pag.
1307 3207 1377 3269 164,
1392 3204 1420 3257 in

360 3284 451 3338 Eun.
912 3282 1005 3337 Museo
1014 3283 1219 3354 locupletissimo
1228 3283 1344 3335 nummis
1355 3284 1422 3335 snti-

402 3384 449 3418 ss.
460 3365 491 3416 In
506 3364 637 3434 Gorgone..
645 3363 756 3435 Gorgon
774 3360 868 3415 Medu·
910 3362 969 3432 quis
979 3364 1012 3415 D.
1024 3363 1134 3417 Crsmris
1142 3360 1301 3433 Leompsrdi
1312 3361 1420 3415 Potricii

359 3462 395 3495 ste
412 3443 535 3514 frequens
555 3443 673 3497 occurrit
697 3443 726 3495 in
750 3442 867 3495 nummis
910 3442 1062 3495 Auximsni.
1074 3442 1264 3513 spanhemius,
1281 3458 1339 3511 pag.
1352 3442 1421 3507 636,

359 3535 386 3575 et
400 3523 428 3574 in
441 3522 559 3592 gemmis.
571 3523 655 3575 naor.
910 3522 1052 3575 visumsibi
1058 3520 1272 3575 aitnntonintl'ii
1278 3538 1420 3573 nummum

402 3600 446 3654 23.
469 3602 527 3653 Item
545 3605 645 3673 equitem
666 3600 794 3654 Simonem.
820 3601 867 3653 Di·
911 3601 1082 3672 inscriptum,
1098 3616 1287 3653 surnasrons:
1301 3598 1347 3653 sed
1359 3619 1422 3654 oeu-

358 3698 441 3751 gnum
454 3692 549 3733 notatu
565 3681 669 3735 interim
685 3679 714 3731 id
728 3692 780 3744 est,
794 3672 867 3751 quod
910 3679 943 3732 lis
963 3680 1116 3733 fallentibus
1135 3698 1185 3751 pro
1199 3696 1359 3733 smrnnsron
1377 3680 1418 3736 11.

358 3778 483 3813 nummus
502 3758 581 3812 docet
595 3761 629 3811 sb
648 3760 755 3812 Oocone
772 3760 867 3813 sllstus
910 3772 941 3812 ut
952 3760 979 3812 iu
991 3778 1070 3813 aureo
1081 3778 1096 3811 e
1109 3759 1180 3813 Gaza
1191 3758 1273 3829 regin,
1281 3771 1308 3810 et
1318 3759 1382 3811 alibi
1392 3758 1419 3811 iu

358 3858 387 3909 p.
399 3843 468 3909 198,
483 3838 599 3892 necdum
610 3858 626 3891 a
636 3857 769 3909 quoquam
782 3839 867 3911 expli·
911 3858 963 3893 ure
978 3857 1085 3910 magno.
1109 3868 1143 3883 -
1158 3838 1286 3891 Simonem.
1302 3840 1335 3890 ln
1345 3838 1421 3891 libris

359 3932 434 3973 catus
449 3940 455 3972 :
470 3936 742 3990 urvornsssrrosve.
762 3908 803 3985 ‘’l(
822 3936 868 3971 ns·
910 3918 1034 3972 omnibns
1054 3917 1087 3971 ad
1108 3920 1180 3971 hunc
1200 3918 1271 3971 diem
1292 3917 1418 3987 vulgatis,

358 3999 554 4051 rnnsronr.Vir
565 3997 652 4050 tunice
665 3997 741 4049 brevi
753 3998 867 4051 amiotus
910 3998 1052 4051 Sermonem.
1061 3998 1093 4051 In
1102 3999 1166 4068 fleg.
1174 3996 1233 4051 cod.
1244 3996 1417 4061 anemonen.

358 4081 485 4131 statinter
496 4094 580 4148 equos
593 4074 677 4138 duos,
691 4094 760 4146 quos
774 4075 865 4131 dextra
910 4078 987 4131 Colb.
1002 4078 1029 4145 3,
1040 4076 1159 4131 Seronern.
1173 4078 1228 4131 Nos
1239 4076 1346 4130 interim
1356 4093 1420 4130 cum
1444 4084 1449 4094 “
