3100 5125
252 583 257 590 q
355 492 426 590 370
629 495 669 563 c.
696 493 863 564 eman
887 493 995 564 usu.
1022 451 1152 564 ursa.

322 644 353 720 t⁴
409 631 489 698 Post
505 649 585 695 etim
602 625 741 694 eminuit
758 622 857 719 longe
875 637 952 694 ante
972 647 1089 694 omnes
1109 625 1311 720 Euphranor
1333 622 1428 696 leth·

357 731 658 827 mius,olympiade
667 731 847 800 centesima
858 744 997 824 marta,
1014 729 1101 800 idem
1118 733 1175 824 qui
1192 733 1428 802 intes-fictores

357 841 467 910 dictus
482 837 563 908 est¹⁹
586 837 729 907 anobis.
749 839 841 908 Fecit
864 851 899 906 et
920 835 1085 922 colossos,
1111 851 1146 906 et
1171 861 1358 922 marmora,
1383 863 1427 908 ae

352 946 503 1042 scyphos
517 941 673 1039 scalpsit:
693 941 811 1012 docilis
829 966 868 1012 ac
887 941 1071 1012 laboriosus
1088 957 1165 1013 ante
1180 967 1315 1028 omnes,
1336 961 1369 1014 et
1388 946 1428 1012 in

357 1072 567 1148 quocumque
580 1073 703 1144 genere
716 1047 899 1134 excellens,
917 1073 956 1118 ac
974 1049 1035 1118 sibi
1054 1048 1196 1142 equalis.
1216 1051 1279 1120 Hic
1295 1049 1425 1146 primus

356 1159 488 1228 videtur
504 1157 700 1250 expressisse
717 1155 895 1250 dignitates
914 1155 1073 1242 heroum,
1088 1169 1122 1226 et
1142 1179 1318 1252 usurpasse
1335 1183 1423 1252 sym·

356 1265 521 1334 metriam.
541 1262 608 1332 Sed
628 1262 691 1330 fuit
711 1263 925 1331 universitate
943 1285 1121 1356 corporum
1137 1255 1293 1348 exilior²⁰‚
1308 1265 1423 1358 capiti·

356 1370 420 1441 hus
430 1367 642 1463 articulisque
659 1367 826 1463 grandior.
842 1366 1021 1437 Volumina
1034 1391 1167 1463 quoque
1180 1372 1368 1464 composuit
1382 1369 1424 1438 de

325 1462 549 1572 s‘symmetria
575 1490 609 1544 et
629 1473 807 1544 coloribus.
829 1476 942 1569 Opera
960 1474 1144 1568 ejussunt,
1170 1491 1321 1570 equestre
1339 1499 1424 1570 prae-

358 1583 486 1668 lium²¹,
506 1580 682 1652 duodecim
702 1579 799 1650 dii²²:
817 1580 980 1663 Theseus,
1001 1580 1035 1650 in
1057 1605 1124 1675 quo
1142 1582 1243 1666 disit,
1269 1581 1424 1650 eumdem

357 1689 446 1784 apud
465 1688 675 1758 Parrhasium
701 1707 776 1756 rosa
804 1701 935 1780 pastum
962 1675 1076 1774 esse²³‚
1096 1712 1190 1756 suum
1213 1713 1296 1758 vero
1313 1713 1425 1758 carne.

356 1793 495 1872 Nobiles
507 1795 578 1888 ejus
591 1791 712 1864 ubotae
726 1793 869 1890 Ephesi,
890 1791 1025 1886 Ulysaes
1042 1793 1195 1862 simulata
1215 1796 1350 1866 vesania
1367 1795 1426 1863 bo

357 1927 433 1972 som
444 1925 522 1970 cum
530 1925 619 1995 equo
626 1900 786 1994 jungens:
799 1913 833 1968 et
845 1896 970 1993 palliati
983 1900 1185 1995 cogitantes:
1197 1900 1265 1969 dur
1277 1899 1426 1996 gladium

356 1997 543 2081 condemn.
1013 2033 1016 2040 .

322 2131 339 2180 6
410 2114 538 2182 Eodem
560 2127 710 2206 tempore
727 2110 791 2180 tuit
806 2123 840 2180 et
857 2109 977 2204 Cydias
986 2100 1023 2195 ²⁵,
1040 2109 1134 2204 cujus
1154 2110 1300 2181 tabulam
1323 2117 1426 2208 Argo-

358 2281 492 2350 xxxvl,
511 2304 569 2357 cap.
582 2289 627 2347 st.
640 2280 730 2337 lissu.
740 2315 781 2328 -·
793 2283 871 2336 AEdi·
915 2280 998 2348 Jori',
1011 2283 1165 2355 Neptunus,
1175 2283 1328 2351 Volcanus,
1344 2288 1428 2360 Apol·

359 2369 424 2420 litas.
437 2369 516 2418 duno
523 2363 604 2418 Urbis
611 2361 727 2417 condita
740 2356 869 2434 678.Etr.
913 2361 950 2415 ld.
965 2387 975 2410 ι
989 2359 1078 2416 lisso.

402 2463 446 2515 ¹9·
463 2445 532 2498 Ister
540 2443 640 2513 fictores
650 2443 729 2496 dictus
742 2455 787 2496 est.
808 2441 867 2499 hit.
930 2465 933 2487 ι
957 2443 1002 2496 ²3.
1011 2443 1126 2498 assutam
1133 2445 1365 2515 opustestatus
1373 2463 1428 2498 rosa

360 2525 491 2591 XXXIV,
510 2543 569 2596 cap.
584 2541 628 2595 19.
638 2523 730 2577 lisso.
883 2574 886 2583 ,
911 2535 1007 2593 pastum
1020 2544 1077 2578 csse.
1096 2521 1191 2578 Tradit
1209 2523 1342 2579 eademst
1364 2526 1426 2581 ttu-

402 2626 446 2659 πο.
460 2600 511 2657 Sed
516 2604 570 2673 suit
583 2606 734 2656 universitate
747 2601 886 2673 corporum‘
915 2597 999 2657 tinch.
1010 2600 1044 2656 de
1058 2594 1141 2676 glorie
1154 2597 1255 2659 Athen.
1266 2606 1295 2669 1,
1309 2624 1338 2677 p.
1350 2607 1406 2671 546
1420 2626 1426 2659 :

360 2686 455 2749 exilior,
469 2697 520 2737 etc.
535 2684 653 2754 Corpora
670 2695 726 2735 tota
741 2682 804 2735 lecit
818 2674 873 2734 esl·
917 2670 1001 2758 lieres?
1015 2684 1143 2756 Εὐφράνωρ
1157 2688 1197 2738 r'ss
1212 2686 1299 2740 Θησέα
1312 2690 1356 2739 τοῦ
1373 2688 1428 2740 lau-

359 2766 444 2831 liora,
468 2761 609 2835 grandiora
623 2762 717 2834 capita.
735 2760 819 2826 Quod
832 2761 871 2813 vi·
914 2768 970 2829 τοῦ,
984 2770 1019 2834 τῷ
1034 2764 1173 2836 Hellusios
1187 2762 1328 2835 παρίὸαλι,
1351 2770 1426 2837 bipes

361 2845 428 2897 tium
443 2854 470 2896 et
486 2844 513 2895 in
527 2840 642 2895 Zeuxide
655 2854 775 2893 notatum
795 2860 874 2911 supe·
915 2844 955 2895 stt
973 2843 1015 2913 ph
1028 2843 1118 2897 issisou
1134 2837 1196 2915 puts
1211 2842 1375 2916 βιίρωκέναι·
1388 2848 1428 2899 rba

361 2924 431 2986 rius,
443 2942 501 2995 cap.
513 2922 549 2975 36
562 2940 569 2974 :
583 2947 593 2969 ι
606 2918 825 2993 Deprehenditur
835 2932 874 2973 ta·
914 2916 945 2973 dl
957 2923 1044 2975 laurei
1058 2925 1117 2995 spis
1128 2924 1208 2989 βόιια.
1219 2922 1300 2977 Unde
1312 2924 1429 2979 Pintiani

361 3021 422 3056 men
436 2999 530 3055 Zeuxis
541 2997 669 3073 grandior
680 3000 708 3053 in
725 3000 873 3072 capitibus,
915 3000 1067 3055 emendatio
1076 3003 1243 3069 exsufflator,
1252 3004 1328 3057 libris
1339 3005 1430 3058 invitis

361 3082 539 3153 articulisque.
554 3106 565 3126 ι
582 3078 673 3133 lisso.
917 3081 1044 3134 omnibus
1057 3080 1094 3135 ita
1106 3079 1260 3148 scribentis,
1270 3104 1324 3137 rure
1331 3097 1428 3155 pastum

404 3181 449 3215 ar.
467 3161 585 3231 Equestre
596 3159 717 3230 prelium.
738 3156 875 3218 laudetur
916 3178 982 3225 esse,
999 3180 1055 3213 non
1069 3164 1137 3215 rosis.
1151 3162 1241 3215 lisso.

361 3240 390 3294 id
403 3240 585 3313 Euphranoris
594 3235 872 3310 oposetaPausania‚
957 3246 1002 3303 sq.
1028 3240 1181 3313 Etpallisti
1199 3246 1360 3313 cogitantes:
1379 3242 1430 3295 dus

362 3322 443 3375 attic„
464 3320 492 3385 1,
514 3338 574 3390 pa.
601 3319 628 3372 5.
653 3318 784 3389 Equestre
806 3316 874 3370 illud
915 3319 1024 3388 gladium
1039 3321 1149 3375 rochus.
1165 3320 1209 3375 Sic
1224 3322 1289 3395 lieg.
1305 3343 1335 3388 s,
1351 3334 1429 3376 ceste·

362 3400 484 3473 prelium
494 3398 531 3451 ait
541 3338 638 3463 driase,
652 3398 680 3450 in
692 3414 786 3468 quoes
796 3396 875 3450 sihe-
915 3398 992 3471 rique
1012 3400 1180 3471 probatiores
1203 3401 1265 3454 libri
1282 3400 1429 3495 primitivi,

361 3478 499 3533 niensibus
533 3478 659 3548 Gryllus,
688 3474 875 3546 Xenophontis
917 3478 1037 3551 typique.
1049 3478 1429 3551 Frustrasunt,qn1exnescio

361 3559 446 3624 filins,
464 3577 479 3610 e
503 3553 600 3612 Boeotis
622 3552 821 3629 Epaminondas
845 3556 874 3609 iu
917 3575 970 3629 quo
979 3559 1125 3629 exemplari
1136 3558 1279 3624 inducunt,
1292 3560 1345 3614 «Et
1357 3562 1429 3615 Pale·

361 3639 455 3710 primia
465 3638 593 3691 claruere.
602 3635 694 3689 Hsan.
916 3634 1068 3691 medendus
1078 3638 1146 3693 fasce
1157 3638 1273 3712 gladium
1281 3635 1424 3695 condens·-

403 3740 448 3773 ῃ.
461 3710 594 3769 Duodecim
606 3714 651 3767 dii.
671 3712 711 3766 De
721 3712 771 3765 hac
781 3712 872 3783 pictu-
917 3714 1019 3771 Plinius
1031 3716 1142 3773 iuferius
1161 3721 1274 3785 iterum,
1288 3717 1322 3774 de
1337 3717 1430 3773 Timo·

361 3817 390 3849 rs
413 3798 551 3850 Pausanias
577 3796 629 3848 loc.
649 3795 694 3846 cit.
721 3791 874 3864 Elegantius
918 3796 1007 3850 machi
1022 3796 1300 3869 pictura:·Palliati,
1313 3798 1430 3873 qnosdi·

360 3896 424 3930 vero
437 3872 500 3929 vat.
512 3871 583 3929 bias.
598 3867 668 3939 vn,
685 3890 734 3936 11,
746 3891 808 3944 pag.
826 3876 872 3937 46.
916 3888 1006 3930 cturos
1029 3876 1133 3949 pinxit,
1161 3878 1272 3933 alterum
1293 3893 1430 3943 stentem,

361 3951 408 4009 His
416 3952 453 4008 illi
462 3952 545 4009 Ennii
555 3953 676 4006 versibus
685 3952 871 4007 continentur:
916 3954 1027 4011 alterum
1042 3954 1186 4013 sedentem.
1202 3984 1214 4006 s
1234 3959 1324 4013 Hsnu.

364 4062 376 4080 ι
394 4031 480 4099 iuno,
501 4036 592 4092 Veste,
614 4030 749 4093 hfinerra,
770 4030 872 4098 Ceres,
959 4034 1003 4087 st.
1021 4034 1058 4087 Et
1068 4036 1168 4109 Cydias.
1179 4032 1276 4100 solies
1290 4034 1429 4093 Eustathio

360 4114 461 4178 Diana,
476 4113 586 4179 Venus,
599 4110 690 4166 biars:
707 4109 872 4177 Mercurius,
917 4112 945 4165 in
961 4112 1040 4168 Dion.
1056 4136 1081 4169 v,
1096 4115 1171 4183 526,
1191 4118 1238 4171 ubi
1253 4116 1326 4173 huuc
1342 4118 1427 4189 picto·
