3100 5125
457 520 610 589 creua
634 494 822 589 xxxin.
1124 524 1166 593 αι

97 666 162 720 tur.
193 652 371 747 Quidquid
393 676 462 723 non
488 664 686 741 transmeat,
708 650 899 749 repetitur¹¹
919 655 953 723 in
983 652 1069 748 pila,
1093 654 1172 724 dein

97 756 247 828 molitur.
270 758 383 829 Pulvis
404 782 536 853 semper
559 760 591 827 in
618 760 744 829 catinos
771 759 941 854 digeritur,
961 774 995 829 et
1016 785 1057 830 ex
1076 775 1172 831 aceto

96 882 304 948 maceratur,
327 880 365 935 ut
387 866 496 935 omnis
518 863 637 933 duritia
661 864 840 935 solvatur:
869 888 908 935 ac
927 889 1040 936 rursus
1063 867 1172 937 tundi·

97 984 164 1056 tur,
183 972 266 1041 dein
283 970 417 1041 lavatur
431 972 465 1039 in
486 967 664 1057 conchis¹²,
681 973 900 1065 siccaturque.
917 975 1012 1042 Tunc
1031 974 1172 1069 tingitur

98 1075 247 1147 alumine
264 1079 407 1165 sullist0,
426 1092 460 1147 et
474 1077 576 1147 herba
589 1101 689 1170 supra
703 1076 810 1162 dicta,
832 1078 1060 1173 pingiturque,
1077 1095 1170 1149 ante-

97 1208 199 1277 quam
214 1186 346 1279 pingat.
367 1183 483 1253 Refert
497 1208 595 1278 quam
608 1182 718 1251 bibula
734 1181 914 1278 docilisque
933 1184 983 1253 sit.
1002 1186 1090 1253 Nam
1107 1187 1169 1256 uisi

99 1292 210 1384 rapuit
222 1288 568 1376 colorem,addnntur
576 1303 746 1382 scytanum
761 1302 860 1384 atque
870 1277 1107 1385 turbystum¹³:
1123 1294 1169 1360 ita

104 1411 227 1465 vocant
244 1396 525 1465 medicamentum
544 1382 707 1476 sorbere¹⁴
725 1397 885 1491 cogentia.

149 1504 304 1572 XXVII.
321 1503 435 1591 Quum
448 1504 576 1571 tinxere
594 1503 751 1596 pictores,
766 1502 912 1571 orobitin
923 1502 1074 1588 vocant¹,
1086 1503 1168 1597 ejus·
1189 1528 1201 1562 ¹

100 1632 164 1702 que
191 1609 263 1678 duo
286 1634 409 1703 genera
431 1608 556 1677 faciunt
577 1634 585 1676 :
608 1606 749 1693 luteam,
776 1633 850 1703 quae
870 1624 1022 1678 servatur
1040 1606 1097 1678 itr'
1125 1608 1169 1678 lo

101 1728 254 1783 mentum
284 1742 293 1783 ε
326 1729 360 1784 et
384 1714 558 1809 liquidam,
587 1712 727 1809 globulis
759 1714 880 1783 sudore
905 1714 1064 1785 resolutis.
1089 1719 1169 1784 Haec

100 1836 244 1915 utraque
264 1844 387 1915 genera
406 1823 441 1891 iu
459 1823 572 1915 Cypro
592 1820 686 1889 fiunt.
709 1806 972 1889 Laudatissima³
995 1822 1031 1889 iu
1048 1824 1168 1891 Arme-

102 1928 169 2013 nia,
191 1926 342 1996 secunda
358 1928 393 1995 in
408 1926 619 2009 Macedonia,
643 1925 825 2019 largissima
840 1928 875 1993 in
893 1928 1059 2021 Hispania.
1077 1930 1171 1996 Sum·

102 2022 174 2102 ma⁴
185 2032 498 2117 commendationis,
507 2031 651 2102 colorem
662 2034 695 2099 in
709 2032 812 2101 herba
821 2034 938 2126 segetis
948 2031 1020 2102 late
1034 2034 1169 2103 virentis

141 2202 186 2237 tt.
220 2184 356 2254 Repetitur.
383 2184 484 2237 Iterum
508 2182 536 2235 iu
560 2183 615 2253 pila
700 2183 726 2236 3.
742 2181 927 2235 laudatissima.
944 2181 988 2236 Sic
1004 2181 1123 2237 Dioscor.
1133 2185 1169 2250 V,

102 2263 340 2318 medimnum.
661 2268 736 2326 tuq,
757 2274 785 2314 et
802 2260 897 2315 Isidor.
915 2261 1007 2334 Origg.
1024 2264 1106 2329 XIX,
1123 2282 1169 2337 17.

141 2362 185 2396 ra.
203 2342 236 2396 Ia
249 2343 354 2395 conclis.
369 2340 477 2395 Concha
492 2340 559 2395 vasis
571 2360 613 2413 ge·
657 2342 736 2395 Nunc
749 2340 776 2392 in
788 2340 939 2411 liungeria,
953 2342 1093 2408 Bohemia,
1106 2344 1169 2397 Sile-

102 2442 149 2475 nus
162 2436 203 2476 est
213 2440 378 2481 concavum,
398 2440 428 2473 ae
439 2422 560 2491 superius
571 2440 614 2493 pe-
657 2421 694 2475 tia
702 2455 711 2484 ‚
720 2420 832 2485 Misnia,
844 2420 961 2491 alibique
973 2420 1111 2475 effoditur.
1121 2423 1170 2475 Vi·

102 2504 186 2555 tnlnm
213 2522 228 2557 a
252 2502 416 2555 concharum
441 2499 614 2555 similitudine
658 2498 826 2553 deMuseum
839 2500 1107 2574 Worm.l,3,cap.
1124 2520 1169 2557 to.

102 2585 280 2636 nominatum.
290 2583 358 2636 Cato
369 2580 403 2634 de
416 2583 454 2633 Re
467 2581 540 2634 Ruit.
560 2581 592 2634 13
605 2597 613 2634 :
658 2581 749 2633 Haeo.

106 2689 117 2710 ι
133 2665 165 2716 Iu
189 2663 286 2716 cellam
316 2661 441 2714 oleariam
465 2660 521 2714 haec
546 2679 614 2732 opus
702 2657 837 2723 Itium
850 2660 1058 2733 commendationis
1072 2673 1124 2726 est,
1141 2673 1170 2715 ut

102 2755 181 2796 aaut:
202 2742 275 2795 dolia
286 2741 415 2794 olearia...
431 2739 545 2794 conchas
558 2759 613 2794 ma·
657 2740 757 2792 colorem
781 2739 876 2803 herbae,
905 2751 955 2791 ete.
980 2731 1036 2807 (sic
1062 2732 1167 2811 prius).

101 2825 169 2890 jures
182 2819 266 2888 duas,
277 2833 304 2874 et
315 2818 530 2873 minureednas.·
541 2820 614 2873 Infra
657 2820 736 2873 Caret
746 2820 863 2890 optimus
872 2822 922 2880 τοῖς
933 2831 969 2870 est
978 2831 1017 2885 ut,
1027 2817 1089 2872 dein
1103 2839 1169 2893 pro·

101 2901 221 2966 Plinius,
237 2907 285 2965 41,
289 2903 396 2968 ‚terreum
406 2900 516 2951 concham
529 2910 613 2952 vocat.
657 2897 1168 2954 Iertcolureinlterdc.scrib.·colorem
1218 2919 1221 2929 ¹

101 2981 194 3034 Haut).
207 3011 249 3021 —-
264 2981 379 3049 Tingitnr
391 2979 494 3032 alumine
512 2981 614 3044 schisto,
657 2979 684 3031 in
698 2978 789 3030 herba.
803 3003 815 3025 ι
826 2979 921 3031 Noster
931 2979 978 3029 tib.
991 2979 1095 3044 XVIII,
1107 2997 1167 3050 cap.

100 3073 126 3112 et
151 3061 228 3112 herba
254 3080 327 3129 snpra
346 3061 422 3112 dicta.
438 3059 478 3112 De
498 3058 614 3112 alumine
660 3059 675 3114 ⁵
698 3075 705 3110 e
725 3084 738 3106 ·
751 3057 895 3111 Frumenta
919 3057 1006 3111 hieme
1029 3058 1058 3110 iu
1083 3059 1168 3113 herbe

101 3139 201 3194 schisto
229 3135 365 3202 (Alumine
387 3139 504 3206 suismet,
526 3139 615 3206 salsole
657 3151 730 3202 eunt,
743 3155 825 3190 verno
837 3149 956 3208 tempore
970 3138 1127 3208 fastigantur
1136 3139 1166 3191 in

101 3209 256 3286 d'ulrrreine)
280 3221 363 3273 fusius
387 3229 481 3289 agetur
499 3218 615 3284 XXXV,
657 3217 815 3288 stipulum·
829 3216 941 3270 Ovidius
955 3217 1065 3271 Metam.
1076 3218 1121 3270 lib.
1130 3219 1167 3284 V,

103 3301 136 3354 52
149 3323 157 3364 3
172 3299 207 3352 de
222 3299 348 3352 tinctoria
362 3298 460 3362 herbe,
474 3298 568 3350 Beseda
579 3298 616 3350 lu·
660 3323 672 3344 ι
689 3296 783 3368 primis
794 3309 893 3366 tegetes
907 3297 1058 3350 moriuntur
1067 3295 1095 3349 iu
1107 3297 1167 3350 her·

102 3381 181 3445 tecle,
196 3377 278 3451 paulo
288 3376 488 3449 supradictum.
501 3378 553 3430 En.
656 3375 726 3444 Βίας·
742 3376 859 3428 lib.VlII
872 3398 878 3428 :
895 3403 907 3424 ι
919 3388 1020 3446 segetes
1030 3376 1167 3446 proculcat

144 3461 188 3514 13.
200 3457 332 3526 Scytanum
341 3470 414 3528 atque
425 3457 565 3529 tnrdystum.
580 3457 613 3510 In
653 3455 685 3526 ,iu
694 3456 788 3510 herba.
801 3481 812 3503 ι
830 3455 864 3509 Et
878 3457 906 3509 in
920 3455 1029 3528 epistola
1043 3454 1163 3510 Paridis:

102 3553 154 3593 vet.
167 3537 394 3611 eod.scl·yeamem;
408 3537 614 3607 quaefuemutea
660 3549 712 3589 -et
733 3533 821 3588 adhuc
843 3546 887 3588 tua
908 3535 999 3589 messis
1026 3533 1055 3586 iu
1080 3535 1164 3590 berba

103 3617 295 3673 medicamenta
304 3635 360 3671 non
370 3617 433 3670 satis
441 3628 551 3669 cunstat.
562 3617 612 3668 En.
657 3627 705 3668 est.
719 3641 730 3662 ι
752 3613 846 3668 Gaura.
865 3648 905 3658 -
922 3614 1029 3668 Summa.
1051 3615 1167 3668 Maxime

144 3705 189 3762 14.
205 3697 313 3751 Sarbane.
328 3698 452 3750 Colorem
463 3697 563 3748 hibere.
577 3694 612 3748 tt.
656 3692 908 3759 commendatores,
919 3713 993 3766 quaa,
1007 3707 1058 3748 etc.
1075 3694 1166 3748 Diosc.

140 3778 259 3832 XXVII.
272 3794 295 3829 1.
307 3776 422 3830 orobitin
430 3785 527 3827 nocant.
534 3773 614 3841 Quod
656 3773 709 3828 loc.
724 3776 795 3828 citet.
808 3776 911 3844 τῇχρόα
921 3776 1063 3845 κατακόρως
1078 3775 1167 3844 πρασί-

103 3857 128 3910 in
142 3875 227 3950 pana
237 3857 381 3910 formarent
388 3853 488 3925 ὀρόίου,
504 3856 555 3908 hoc
566 3867 615 3922 est,
657 3857 754 3920 ζουσαν,
764 3877 775 3900 ι
787 3873 846 3926 qun
855 3855 930 3925 porri
940 3854 1166 3908 letevirentieco-

102 3955 160 3990 ervi
176 3934 357 3990 similitudine.
377 3925 612 4006 HecgranaPlin.
657 3934 740 3988 lorem
766 3951 846 4006 quam
870 3933 1003 3986 simillime
1026 3930 1137 3998 reddat,
1150 3955 1162 3977 ·

101 4016 417 4087 globulosstatimvouat.
430 4016 519 4068 Hiran.
606 4055 608 4062 .
657 4013 907 4085 probatinprimis.
922 4013 966 4066 sic
979 4013 1058 4065 etiem
1069 4009 1166 4065 Isidor.
1214 4015 1218 4018 ’

144 4097 211 4149 a.1a
223 4095 357 4150 lomentum.
371 4096 406 4148 Iu
420 4095 556 4166 pulverem
566 4111 612 4150 aeu
657 4093 708 4148 luc.
719 4095 790 4149 citat.
806 4093 867 4146 Fuit
876 4093 942 4146 olim
956 4092 983 4143 in
995 4090 1082 4162 pretio
1093 4089 1168 4163 apud

103 4175 226 4228 lerinam.
243 4177 332 4230 Ilum.
657 4174 770 4246 pictores
778 4174 836 4227 bec
849 4171 1013 4256 chryscoella
1026 4187 1168 4241 potatum

179 4275 239 4342 IX.
1023 4265 1046 4337 6
