3100 5125
329 429 400 510 ado
601 426 640 492 C.
666 425 839 493 PLINlI
863 425 970 494 NAT.
997 425 1123 491 HIST.

331 573 585 651 meritorumque
607 554 713 650 jugis,
736 557 769 623 in
791 553 932 624 Alexia¹¹
960 554 1083 650 oppido
1109 579 1116 622 :
1143 552 1268 648 relique
1290 555 1397 652 gloria
1424 578 1432 590 ’

331 667 514 759 Biturigum
531 662 602 731 fuit.
615 663 755 755 Coepere
768 660 888 732 deinde
902 677 935 731 et
953 661 1065 732 esseda
1075 659 1110 750 ¹²,
1127 674 1160 731 et
1178 659 1348 749 vehicula,
1363 677 1400 732 et

332 755 523 867 petorrita¹³
546 791 732 837 exornare:
756 768 916 905 similique
936 769 1035 838 modo
1058 767 1100 836 ad
1123 791 1224 836 aurea
1248 793 1398 862 quoque,

333 904 401 948 nou
416 876 516 946 modo
526 889 683 968 argentea
694 873 855 944 staticula¹
879 876 983 944 inanis
997 873 1125 942 luxuria
1136 876 1302 967 pervenit:
1314 898 1399 968 quae·

333 985 442 1078 quein
452 981 583 1076 scyphis
592 981 681 1050 cerni
693 981 878 1074 prodigium
890 995 975 1061 erat,
989 980 1060 1049 haeo
1070 982 1105 1048 in
1114 978 1272 1048 vehiculis
1283 982 1399 1067 atteri,

333 1089 441 1158 uultus
456 1102 604 1156 vocatur.
622 1086 753 1154 Plumbi
773 1086 839 1155 albi
861 1089 1125 1181 experimentum
1139 1087 1173 1153 in
1191 1085 1306 1154 charta
1325 1101 1398 1172 est,

332 1211 371 1264 ut
392 1193 604 1289 liquefactum
630 1191 779 1286 pondere
808 1192 973 1276 videatur,
999 1216 1067 1261 non
1098 1189 1227 1278 calore,
1257 1193 1397 1287 rupisse.

377 1382 417 1416 rr.
431 1364 461 1415 In
477 1362 575 1414 Aleria.
591 1359 734 1412 Plutarcho
747 1360 775 1412 iu
790 1359 847 1412 Ca·
889 1359 1019 1430 Congium
1037 1360 1066 1414 in
1085 1360 1173 1413 Gloss.
1193 1359 1276 1413 verbo
1296 1359 1401 1414 Statua-

334 1462 405 1509 sare,
416 1463 443 1513 p.
455 1458 523 1512 7²¹·
535 1432 631 1495 Ᾰλησία
645 1451 692 1491 est.
706 1439 775 1492 Item
785 1439 848 1491 Vel·
889 1440 963 1491 culus.
985 1439 1110 1494 Statieuls
1127 1457 1177 1509 pro
1195 1439 1326 1493 iounoulis
1343 1459 1400 1494 em-

335 1524 395 1580 leio,
407 1518 847 1589 Dioui,oarterisqne.CreaariV11,
889 1519 1040 1572 blemutiave
1061 1530 1169 1588 aooepta
1189 1519 1254 1572 olim
1276 1521 1309 1572 ab
1331 1521 1400 1574 anti·

336 1602 438 1666 Alesia,
464 1599 594 1670 oppidum
622 1595 846 1658 Mandubiorum,
890 1598 949 1668 quis
967 1599 1157 1668 scriptoribus,
1174 1598 1353 1669 exploratum,
1369 1612 1401 1654 ut

336 1681 454 1734 dicitur:
471 1679 586 1732 nuncin
604 1677 708 1730 Ducatu
726 1677 848 1746 Burgun-
889 1675 1006 1730 diximus
1031 1677 1111 1749 paulo
1136 1695 1237 1746 supra,
1269 1679 1402 1749 apertissi-

337 1758 402 1823 die,
416 1759 522 1812 dioeoesi
543 1755 786 1827 Augustodunensi,
806 1773 848 1807 re·
890 1744 1018 1828 munique
1041 1769 1089 1811 est.
1114 1759 1157 1808 Au
1178 1757 1261 1810 etiam·
1282 1771 1308 1810 et
1331 1761 1402 1810 atati·

338 1840 404 1893 tinet
423 1839 540 1910 priscum
559 1853 672 1901 nomen,
693 1837 782 1889 Alite:
800 1835 848 1888 cir·
892 1837 973 1902 culus,
991 1837 1078 1903 virili,
1095 1849 1126 1890 ut
1142 1834 1224 1899 aiunt,
1241 1855 1350 1906 genere,
1366 1857 1401 1894 eo

338 1921 538 1989 cumjacensque
555 1920 663 1987 pagus,
672 1915 798 1990 l'Aueois.
815 1913 848 1966 Η.
891 1917 1038 1986 significatu
1052 1915 1153 1970 venerit
1167 1912 1226 1976 (etsi
1239 1917 1317 1970 uliam
1330 1936 1401 1987 prrs-

338 2031 378 2042 —
387 2000 460 2051 Brot.
472 2016 502 2048 ex
516 1995 592 2048 MSS.
606 1996 670 2065 lieg.
683 2007 710 2047 et
723 1993 765 2047 ed.
774 1993 847 2065 prin·
892 2007 962 2048 terea
972 1999 1044 2053 vocis
1054 1996 1125 2048 illius
1134 1995 1310 2066 acceptionem
1319 1995 1401 2050 luisse

339 2078 414 2149 cipe,
428 2081 453 2129 in
468 2077 565 2129 Alesia.
578 2075 630 2126 Eu.
892 2073 1273 2139 eaMacrobiodidicimus),ut
1284 2076 1403 2147 aliquan·

384 2177 427 2210 ra.
448 2156 552 2208 Beseda.
565 2152 690 2205 Vebieuli
703 2171 802 2223 qenus,
815 2151 851 2204 le·
891 2152 927 2204 do
939 2153 1178 2228 subdubitantem,
1187 2153 1250 2206 lecit
1259 2155 1303 2208 hio
1314 2155 1404 2208 Plauti

341 2236 445 2289 miliare
470 2236 498 2287 in
525 2233 619 2305 primis
646 2231 711 2283 olim
741 2231 849 2301 Belgis:
891 2233 1004 2286 lorusiu
1014 2234 1167 2298 Persa,aet.
1179 2233 1216 2298 V,
1228 2252 1340 2299 se.a,v.
1353 2235 1400 2298 43:

341 2313 414 2368 unde
426 2315 531 2385 Relgioa
546 2310 635 2366 esseda
651 2311 759 2363 Maroni
770 2309 849 2363 dicta.
894 2337 906 2359 ι
918 2311 1042 2384 Nequeo,
1063 2313 1140 2376 leno,
1159 2311 1225 2381 quin
1240 2313 1290 2366 tibi
1306 2313 1401 2367 saltem

341 2394 432 2449 Hsan.
893 2392 1043 2445 staticulum
1057 2391 1134 2455 dem,
1148 2391 1211 2443 olim
1226 2411 1303 2462 quem
1312 2393 1402 2463 Hegea

384 2475 429 2528 13.
440 2475 477 2525 Et
489 2477 615 2542 petorrita.
628 2471 664 2523 Et
679 2471 793 2522 alterum
807 2487 852 2522 ve·
893 2470 1038 2526 Faciebat:
1057 2471 1118 2526 ride
1138 2488 1217 2536 sero,
1233 2473 1255 2524 si
1275 2473 1323 2524 tibi
1341 2475 1404 2527 satis

341 2553 424 2609 hiculi
438 2572 534 2623 genus,
546 2551 647 2622 dequo
660 2551 717 2604 fuae
730 2550 808 2603 Voss.
824 2549 852 2601 in
894 2551 989 2621 placet.
1010 2545 1049 2607 sa.
1070 2551 1116 2605 Me
1136 2553 1243 2623 quoque
1263 2551 1325 2605 volo
1343 2551 1406 2606 red-

341 2633 459 2706 Etymol.
480 2632 583 2685 Aaron.
604 2649 646 2701 ep.
667 2633 738 2685 ⁸2·
753 2629 851 2682 Comi-
894 2628 973 2695 dere,
990 2631 1125 2685 Diodorus
1145 2648 1225 2701 quem
1244 2632 1309 2685 olim
1323 2632 1405 2685 faeie·

342 2713 423 2785 pedes
450 2713 555 2782 rapiant
580 2710 696 2779 imposta
723 2709 852 2779 petorrita
895 2710 1406 2765 batinlouia.»Turnebumaeioateti-

343 2794 431 2845 mula.
445 2817 456 2836 ι
471 2788 560 2840 Haan.
896 2792 974 2843 culam
988 2809 1020 2843 eo
1036 2791 1088 2843 loci
1103 2808 1153 2861 pro
1169 2790 1313 2843 saltationis
1325 2810 1405 2862 gene·

386 2877 432 2934 14.
460 2868 589 2921 Statieala.
613 2867 739 2920 staticula
765 2867 853 2919 Plinio
895 2870 1205 2942 reaccepisae,Hegeam
1219 2882 1245 2923 et
1254 2868 1404 2923 Diodorum

345 2964 407 3003 suut
423 2949 549 3019 imagines
563 2959 589 2999 et
605 2946 776 3011 emblemata,
793 2947 854 3017 qui·
896 2950 977 3003 luisse
1000 2950 1150 3013 saltatores,
1170 2946 1204 3003 de
1224 2950 1320 3021 quibus
1341 2950 1407 3003 alibi

344 3032 393 3083 bus
408 3042 435 3081 et
447 3046 542 3081 currus
551 3038 578 3079 et
592 3026 708 3097 soypbos
718 3026 797 3078 etiam
813 3026 853 3079 iu·
896 3028 965 3081 nibil
992 3028 1137 3100 quidquam
1173 3028 1275 3100 legerit.
1302 3030 1407 3081 Verum

344 3121 461 3163 crustare
491 3120 570 3177 atque
597 3123 724 3158 exornare
751 3105 855 3175 antiqui
898 3109 1020 3180 qnumin
1033 3110 1064 3162 iis
1073 3109 1150 3181 signis
1159 3126 1220 3178 quse
1233 3108 1330 3161 eximio
1339 3126 1408 3179 pre-

345 3190 472 3241 solebant.
491 3186 575 3239 Cioer.
587 3184 672 3255 sigilla
685 3196 748 3237 suot
763 3183 856 3238 Osvl
897 3188 988 3242 sertim
1008 3206 1089 3259 opere
1110 3186 1273 3253 elleoiaaeut,
1290 3187 1406 3240 subscri·

346 3269 374 3320 in
385 3270 463 3319 Verr.
476 3285 503 3319 u.
525 3269 561 3329 48
577 3282 608 3315 ε·
624 3263 759 3334 Apposuit
771 3264 855 3333 patel-
898 3268 962 3320 bere
980 3286 1025 3321 sua
1037 3268 1146 3321 nomina
1162 3265 1348 3321 statuarii-tum
1367 3284 1409 3319 so·

346 3346 441 3401 lumin
463 3363 514 3416 qua
529 3342 611 3414 sigilla
633 3356 709 3395 erant
721 3344 855 3413 egregia...
899 3347 996 3407 lereut.
1015 3336 1093 3418 Ἡγίας
1114 3348 1206 3408 inuisi,
1222 3344 1316 3415 Hegias
1326 3347 1409 3413 sacre-

346 3425 444 3498 Siqillia
455 3424 552 3478 avulsis
569 3423 702 3493 reliquum
714 3433 855 3493 argeutum
900 3425 956 3489 lat,
970 3426 1067 3497 aliique
1079 3425 1203 3479 similiter
1215 3444 1222 3477 t
1237 3424 1368 3495 fueritque
1379 3423 1409 3477 id

345 3502 472 3559 reddidit.
486 3530 498 3549 ι
514 3502 613 3573 styphi
628 3520 690 3554 vero
703 3502 737 3555 iis
754 3504 855 3568 ornati,
899 3506 1054 3558 Atheniensi
1083 3506 1207 3558 statuario
1234 3522 1346 3569 nomen,
1374 3501 1410 3557 de

346 3583 449 3657 sigillati
465 3582 530 3635 dicti
543 3580 657 3645 ibidem,
671 3600 699 3634 u.
714 3582 762 3635 32.
778 3581 856 3634 Alio·
900 3603 953 3656 quo
972 3586 1093 3657 superius
1110 3585 1212 3655 egimus
1233 3584 1282 3636 sub
1300 3584 1408 3637 initium

347 3664 394 3737 qui
406 3662 574 3727 staticulum,
590 3661 646 3713 sive
662 3660 856 3727 statunculum,
900 3682 957 3735 rap.
981 3681 1024 3732 19,
1041 3683 1075 3717 au
1094 3661 1127 3717 sd
1146 3664 1218 3718 illius
1228 3660 1310 3715 modo
1327 3680 1410 3734 opera

347 3762 397 3814 pro
416 3754 499 3795 statua
518 3760 564 3794 seu
585 3740 701 3811 imagine
721 3742 856 3794 aTertul-
901 3744 1011 3797 Plautus
1027 3741 1142 3807 alludat,
1160 3744 1271 3815 amplius
1288 3740 1410 3796 conside-

347 3823 418 3894 liano
436 3833 464 3873 et
481 3821 646 3891 Hieronymo
666 3821 760 3893 sepius
778 3839 857 3875 usur·
900 3822 1013 3876 randum
1031 3842 1133 3877 censeo.
1156 3823 1190 3876 Et
1211 3820 1325 3875 Diodori
1344 3822 1412 3875 soul-

348 3914 457 3971 patum,
476 3912 538 3954 ante
556 3919 607 3953 nos
626 3897 785 3954 adnotavere
802 3901 856 3955 alii.
901 3904 984 3973 psoris
1000 3905 1072 3957 Plato
1088 3903 1209 3956 meminit
1223 3902 1250 3955 in
1265 3902 1344 3953 anth.
1358 3902 1411 3965 IV,

348 3982 463 4033 (ἶοιιιιιΙο
479 3980 659 4044 Schelierum,
674 3978 709 4031 de
724 3982 763 4032 lle
781 3980 856 4034 vehi·
905 4001 953 4048 ra,
976 3984 1003 4037 in
1024 3984 1213 4055 epigrammate
1238 3980 1351 4051 eleganti
1377 3978 1411 4031 de

347 4061 432 4113 calari
446 4072 510 4114 vett.
527 4062 557 4126 1,
571 4062 641 4126 206,
655 4072 682 4113 et
700 4059 736 4113 V.
755 4059 797 4115 cl.
814 4062 857 4113 Du
901 4062 987 4134 Satyri
1001 4062 1089 4133 effigie
1099 4082 1105 4115 ι
1117 4064 1163 4117 Tis
1174 4062 1281 4130 Σάτυροι
1291 4057 1409 4128 Διόδωρος
