3100 5125
455 523 612 642 sisne
636 573 843 643 xxxvii.
1112 570 1185 670 ⁶49

115 703 256 800 pupillae
277 703 380 782 modo
404 704 581 798 quamdam
596 698 771 792 continet,
798 729 838 774 ac
879 701 1078 774 transfundit
1108 729 1181 773 cum

115 810 332 880 inclinatione
341 808 365 896 ²,
388 808 479 880 velut
503 812 592 880 intus
611 811 836 881 ambulantem
864 835 903 880 ex
922 809 986 880 alio
1005 825 1103 906 atque
1121 809 1184 879 alio

115 916 197 986 loco
206 916 552 1048 reddens,eademq³ue
563 919 727 987 contraria
737 917 798 987 soli
809 941 964 1012 regereris
974 917 1184 986 candicantes

115 1023 249 1107 radios,
267 1022 495 1102 undenomen
535 1024 676 1107 invenit,
696 1023 838 1094 difficilis
858 1023 900 1092 ad
921 1022 1113 1093 caelandum.
1133 1025 1185 1090 In·

114 1129 202 1198 dicoe
219 1127 393 1222 praefertur
411 1130 445 1196 in
461 1131 637 1199 Carmania
660 1144 747 1199 nata.

171 1237 331 1304 XLVIII.
351 1231 508 1303 Similiter
521 1235 661 1305 candida
680 1250 750 1323 est,
774 1260 848 1331 quae
867 1233 1022 1304 vocntur¹
1046 1235 1179 1320 astrios,
1201 1271 1212 1305 t

120 1338 279 1434 crystalio
299 1342 501 1433 propinqua,
523 1343 555 1410 in
570 1341 665 1410 India
684 1365 842 1427 nascens,
859 1355 892 1410 et
912 1344 946 1408 in
965 1340 1112 1409 Pallenes
1136 1341 1184 1410 lit·

117 1446 248 1515 toribus
260 1472 268 1514 :
282 1447 402 1514 intusa
418 1461 534 1516 centro
548 1471 608 1516 ceu
622 1446 715 1516 stella
730 1447 818 1518 lucet
832 1446 959 1542 fulgore
972 1445 1056 1518 lunae
1070 1447 1183 1540 plcnae.

113 1551 262 1641 Quidam
282 1575 415 1622 causam
437 1554 580 1621 nominis
605 1553 763 1634 reddunt,
793 1551 883 1649 quod
911 1553 1006 1621 astris
1033 1555 1184 1646 opposita

113 1657 280 1752 fulgorem
298 1659 474 1751 rapiat‚ac
486 1674 626 1753 regerat.
641 1662 815 1754 Optimam
832 1661 866 1726 in
883 1660 1059 1726 Carmania
1078 1659 1185 1752 gigni,

115 1762 266 1858 nullique
292 1763 469 1832 obnoxiam
491 1766 581 1834 vitio.
601 1764 815 1835 Cerauniam'
842 1767 930 1834 enim
952 1765 1084 1850 vocari,
1111 1789 1184 1860 quae
1261 1843 1263 1846 ¹

112 1870 158 1939 sit
172 1870 325 1938 deterior.
344 1872 520 1939 Pessimum
543 1871 751 1940 lucernarum
772 1871 887 1940 lumini
910 1869 1059 1938 similem.

167 1978 293 2044 XLIX.
323 1974 500 2046 Celebrant
519 1991 553 2046 et
574 1977 772 2065 astroitcmff,
792 1979 957 2070 mirasque
980 1975 1091 2044 laudes
1112 1975 1182 2067 ejus
1204 2003 1213 2036 r

113 2082 148 2149 in
166 2083 302 2176 magicis
320 2082 445 2150 artibus
462 2087 669 2152 Zoroastrem
687 2078 862 2170 cecinisse,
884 2083 938 2178 qui
957 2083 1043 2150 circa
1066 2106 1121 2150 eas
1139 2081 1184 2149 di-

113 2186 255 2282 ligentes
269 2202 368 2275 sunt,
388 2189 546 2282 produnt.

169 2296 208 2363 L.
231 2292 430 2364 Astrobolon
460 2296 603 2365 Sudines
631 2295 728 2365 dicit'
754 2294 858 2365 oculis
881 2295 1018 2389 piscium
1042 2292 1180 2362 similem
1203 2321 1213 2355 ι

113 2425 205 2480 csse,
225 2413 258 2468 et
277 2399 407 2469 radiare
424 2401 588 2489 candido,
605 2403 639 2469 in
658 2401 736 2472 sole.

113 2557 626 2627 ct.t.1mn,mm.dst'Acnt.de
675 2573 791 2626 astrum,
809 2580 854 2614 seu
884 2561 966 2632 μικρὸς
996 2559 1067 2630 derip-
1094 2557 1185 2611 ilino.

112 2640 216 2706 Berlin,
227 2658 290 2693 ann.
305 2642 390 2710 ¹7⁵⁴·
401 2659 461 2713 pag.
477 2645 524 2712 67.
540 2644 592 2695 En.
717 2663 741 2695 2.
764 2642 918 2695 Carnuntum.
933 2640 1014 2705 Quasi
1036 2639 1113 2691 ictum
1135 2638 1186 2689 lul·

158 2739 184 2772 r.
202 2720 262 2773 cum
276 2720 437 2773 ioelintioae.
457 2721 572 2786 Quando
588 2722 626 2774 le·
674 2723 755 2774 mine.
767 2722 891 2791 Κεραυνὸς
906 2720 1005 2772 lnlrrren
1019 2730 1066 2771 est.
1081 2716 1172 2769 Hinn.

113 2799 184 2852 viter
197 2798 350 2852 inclinatur.
365 2799 456 2854 Hinc.
714 2802 811 2854 xttx.
833 2818 856 2855 ι.
874 2802 909 2852 Et
921 2804 1045 2852 «semion.
1060 2797 1187 2849 Astruites

138 2947 143 2953 .
157 2877 183 2931 3.
202 2878 272 2931 Unde
283 2898 375 2932 men.
388 2872 493 2951 Ᾰςιρία,
503 2880 537 2931 ab
548 2882 626 2951 dele,
674 2879 797 2934 Cardono
806 2879 1025 2952 gemmaminime
1037 2876 1187 2948 perspicua,

112 2974 175 3030 que
192 2976 245 3011 vox
265 2958 383 3022 stellam,
401 2960 629 3032 scintillanterque
672 2961 792 3021 ducem,
809 2958 1035 3013 stellarismaculis
1047 2956 1187 3018 distincta,

114 3034 206 3090 radio·
216 3050 300 3090 sonat.
312 3038 401 3091 Hinc.
673 3058 732 3112 quo
744 3040 771 3092 in
790 3053 864 3094 aceto
871 3079 879 3103 ‚
892 3052 937 3091 out
955 3039 1017 3091 vino
1028 3048 1122 3107 sponte
1133 3053 1186 3087 mo·

88 3148 98 3167 a
156 3117 321 3171 xtvl11.r.
336 3116 454 3172 Similiter
462 3118 567 3171 candelio
578 3130 629 3183 est,
672 3132 758 3183 vetur,
779 3118 933 3173 animalium
957 3119 1058 3170 incessu
1078 3132 1186 3186 pregre·

112 3216 168 3268 quo
184 3209 289 3249 mtur-
299 3200 396 3252 astrios.
420 3198 535 3269 legend.
557 3225 569 3246 ι
587 3200 628 3252 Si·
671 3197 763 3265 diens,
777 3218 848 3252 nunc
867 3212 1031 3257 artronum,
1053 3212 1126 3247 nunc
1146 3213 1187 3245 re·

113 3276 214 3329 militer
234 3275 347 3330 candide
374 3290 413 3331 est
437 3296 497 3349 quo
519 3290 629 3331 vocatur
672 3290 802 3343 trorsum,
826 3296 901 3330 nunc
922 3278 950 3330 in
972 3277 1048 3331 latus.
1066 3276 1134 3326 Dar..
1149 3304 1188 3316 —

112 3355 231 3416 astrion,
255 3356 381 3428 crystallo
407 3357 576 3429 propinqua,
599 3358 627 3410 in
673 3359 802 3411 Celebrant
820 3370 844 3409 et
859 3362 982 3409 astruiten.
999 3356 1042 3408 Sic
1058 3353 1121 3407 libri
1137 3347 1187 3404 huss

113 3434 334 3499 Indicumue,
353 3448 401 3489 etc.
420 3462 432 3483 ι
452 3437 528 3488 Dicta
544 3438 626 3507 dapem
668 3438 712 3509 jur
726 3436 819 3491 Index.
840 3438 872 3489 in
887 3436 986 3509 quibus
1001 3436 1077 3488 MSS.
1099 3436 1187 3485 astrio-

114 3514 192 3585 quisi
215 3532 326 3585 pervum
351 3514 438 3585 ἇςρον,
465 3516 507 3568 vel
529 3534 627 3586 parvus
671 3537 731 3571 nem.
755 3519 786 3569 In
809 3518 873 3587 neg.
898 3534 924 3583 r,
942 3528 1073 3587 astyrouu.
1098 3514 1135 3565 Ut
1156 3512 1188 3565 sit
1210 3524 1214 3532 ’

113 3593 188 3665 derio.
199 3592 287 3647 ssu.
297 3624 338 3637 -
347 3595 410 3664 ΟΜ
421 3600 625 3647 uocaturastrios.
671 3596 818 3667 dorpolrnr,
832 3598 872 3648 rel
886 3594 1024 3667 sepositae.
1038 3594 1127 3646 Hanu.

111 3672 233 3727 Isidorus
251 3672 286 3727 ad
305 3675 417 3727 verbum
429 3675 487 3728 hoc
502 3675 627 3729 transmi-
710 3676 740 3729 1..
769 3694 793 3729 r.
819 3676 965 3729 Arembolon
988 3674 1091 3727 Sudines
1120 3671 1187 3722 dicit.

112 3752 171 3817 bit,
195 3751 271 3823 Orig.
298 3752 344 3806 lib.
368 3755 456 3820 XVI,
482 3772 541 3824 cap.
567 3755 624 3809 13:
670 3746 1191 3826 Legend.«Ast0l0n(anustrulon?lSu·

116 3856 129 3879 ι
143 3832 249 3885 Astrion
272 3851 303 3885 err
325 3831 401 3887 India
422 3846 478 3899 est,
502 3835 626 3907 crystallo
670 3834 745 3889 dines
766 3834 833 3889 dicit
848 3837 932 3889 oculis
948 3833 1061 3905 piscium
1077 3829 1189 3883 similem

112 3912 268 3982 propinqua
283 3932 290 3965 :
304 3912 331 3965 in
346 3915 421 3984 cujus
440 3926 531 3967 centro
553 3914 626 3966 stelle
670 3933 740 3979 esse,
754 3928 782 3969 et
795 3914 897 3968 radiare
916 3911 1030 3967 candido
1050 3912 1077 3962 in
1094 3909 1158 3961 sole.
1175 3934 1186 3955 ι

111 3992 185 4045 lucet
201 3992 303 4061 fulgore
316 3992 386 4045 lunae
399 3994 492 4062 plenae.
507 3993 627 4064 Sumpsit
673 3995 770 4047 Utrum
787 3996 899 4047 alorma
919 3991 1003 4046 oculis
1019 3988 1132 4063 piscium
1153 3985 1190 4038 ei-

112 4082 203 4123 autenr
224 4088 337 4137 nomen,
354 4070 427 4143 quod
449 4072 525 4126 estne
540 4090 626 4144 oppo-
671 4074 761 4126 milen:
786 4092 842 4127 esre
863 4072 943 4137 dicit,
964 4090 996 4123 an
1019 4066 1192 4122 roandore?

113 4149 164 4201 rite
183 4150 313 4220 fulgorem
337 4150 407 4222 rapit
431 4168 462 4205 ac
489 4153 595 4222 regerit.
611 4179 622 4200 ι
670 4151 728 4205 Hoc
748 4152 845 4224 potius.
869 4152 957 4205 Sasu.
973 4184 1011 4193 —
1031 4148 1190 4203 Asrmtoto».

113 4228 197 4283 Forte
214 4230 297 4301 deperi
318 4228 407 4295 dicta,
427 4232 501 4301 quani
514 4250 626 4303 parrum
671 4232 747 4287 HSS.
759 4232 868 4301 quidem
883 4232 987 4294 astolon,
1001 4228 1146 4309 mendose·
1156 4226 1191 4279 ll.
