3100 5125
368 549 445 639 684
647 559 685 624 C.
713 555 877 627 PLINII
906 557 1011 626 NAT.
1042 557 1163 624 lllST.

277 691 290 710 '
369 687 473 754 aciem
485 710 554 754 non
561 686 721 755 hebetari.
738 691 783 757 Et
801 704 878 758 sunt
892 689 998 758 multo
1015 689 1144 783 plures,
1158 687 1331 780 magisque
1345 713 1438 758 mon·

370 792 517 875 stridere,
537 791 656 884 quibus
680 793 812 862 barbari
837 792 958 864 dedere
977 795 1128 877 nomina,
1148 793 1291 861 confessi
1315 791 1438 888 lapides

371 921 450 985 esse.
473 897 579 967 Nobis
594 900 671 967 satis
684 901 747 967 erit
764 901 798 968 in
814 900 866 969 his
887 900 1074 992 coarguisse
1089 899 1161 966 dira
1176 898 1358 968 mendacia.

334 1031 344 1061 ι
423 1005 582 1072 LXXIV.
609 993 700 1094 (xu.)
723 1007 872 1074 Gemmae
888 1019 1070 1074 nascuntur
1092 1018 1126 1072 et
1142 1002 1301 1097 repente¹
1321 1029 1437 1090 noras,

367 1132 408 1178 ac
429 1111 498 1177 sine
520 1110 730 1178 nominibus:
750 1124 788 1178 ut
803 1113 979 1205 Lampsaci
1001 1113 1034 1178 in
1052 1108 1190 1178 metallis
1209 1111 1351 1178 aurariis
1374 1133 1437 1178 una

364 1216 498 1282 inventa
509 1267 519 1298 ‚
531 1239 603 1308 quas
619 1211 754 1308 propter
772 1215 1031 1309 pulcritudinem
1051 1213 1236 1282 Alexandro
1253 1216 1323 1308 regi
1341 1216 1436 1284 missa

365 1319 444 1401 fiat,
462 1335 499 1388 ut
517 1335 634 1388 auctor
645 1319 980 1416 est'l'heoplrrastus.²
994 1305 1188 1390 Cochlides³
1204 1343 1339 1413 quoque
1351 1345 1437 1390 nuuc

365 1425 613 1522 vulgatissimae‚
637 1425 722 1494 fiunt
747 1429 875 1511 verius,
903 1451 1002 1520 quam
1024 1439 1233 1496 nascuntur:
1258 1427 1293 1492 in
1317 1426 1437 1494 Arabia

363 1533 503 1624 repertis
520 1532 709 1625 ingentibus
726 1531 830 1625 glebis
841 1586 850 1615 ,
861 1532 958 1602 melle
977 1533 1115 1626 excoqui
1134 1529 1271 1600 tradunt
1291 1535 1436 1624 septenis

366 1635 482 1704 diebus
497 1636 715 1730 noctibusque
733 1642 804 1706 sine
825 1639 1086 1707 intermissione:
1107 1638 1152 1704 ita
1165 1636 1257 1704 omni
1273 1625 1437 1722 terreno⁴‚

366 1743 549 1836 vitiosoque
561 1740 717 1822 decusso,
728 1758 902 1837 purgatam
914 1767 1097 1837 puramque
1108 1741 1238 1836 glebam
1249 1794 1258 1824 ‚
1271 1741 1436 1810 artificum

364 1847 495 1943 ingenio
516 1848 605 1915 varie
625 1847 775 1915 distribui
796 1849 830 1914 in
853 1873 972 1931 venas,
1001 1848 1186 1941 ductusque
1208 1844 1434 1932 macularum,

364 1977 463 2045 quam
479 1955 621 2021 maxime
633 1951 788 2020 vendibili
800 1955 926 2023 ratione
941 1939 1159 2024 sectantium⁵
1173 1978 1181 2019 :
1197 1952 1433 2047 quondamque

320 2052 322 2055 ⁵
363 2072 461 2126 tautae
491 2056 724 2152 magnitudinis
750 2057 878 2146 fecere,
900 2074 938 2128 ut
962 2061 1054 2153 equis
1082 2051 1199 2152 regum
1233 2059 1268 2124 in
1299 2060 1434 2130 Oriente

283 2328 287 2345 Ι
399 2274 525 2326 Lxrnv.
543 2295 566 2329 ι.
580 2275 687 2330 Gom
701 2289 868 2332 metentur-et
912 2277 1307 2348 terinveuiuoturcompressee
1316 2277 1432 2331 cochlea

360 2367 539 2423 repertorem.
553 2356 641 2426 Lege:
658 2382 671 2404 ι
684 2356 805 2409 Gemma
821 2377 868 2410 ne·
912 2357 1019 2420 similes,
1028 2357 1117 2410 multis
1129 2356 1208 2446 ppiris
1222 2355 1363 2422 flexuosa,
1373 2377 1432 2410 sexo

359 2447 467 2488 seuutur
480 2447 507 2486 et
518 2449 628 2504 repente
643 2453 734 2500 novae,
756 2453 787 2488 ec
802 2438 867 2492 ,sine
913 2436 1033 2500 inclusas,
1053 2437 1164 2506 ample,
1186 2435 1368 2506 ponderoso,
1394 2437 1431 2488 vi·

358 2514 527 2577 nominibus,
538 2526 633 2568 utecee
640 2515 777 2585 Lampsaci
786 2533 866 2570 unam
912 2514 991 2569 sende
1006 2528 1031 2570 et
1048 2512 1249 2569 admirandam
1264 2515 1298 2569 iis
1313 2516 1430 2569 formen-

358 2594 466 2646 inreuio
481 2594 508 2646 in
522 2594 632 2649 metallis
652 2595 760 2647 aurariis
775 2615 868 2664 reper·
912 2594 954 2649 die
965 2609 1064 2649 natura
1079 2596 1201 2649 solertia:
1215 2596 1244 2647 in
1260 2592 1358 2649 iisdem
1369 2596 1431 2666 lepi-

359 2686 422 2727 tem.
439 2698 449 2719 ι
464 2675 549 2725 Suu.
856 2680 875 2696 '⁴
911 2672 1007 2727 cidinis
1025 2674 1059 2728 ed
1082 2692 1177 2745 pagum
1199 2673 1258 2728 divi
1280 2676 1388 2746 Cyrieci
1406 2688 1431 2727 et

401 2772 426 2805 a.
454 2752 639 2821 rhammus.
667 2754 744 2806 Nunc
768 2754 868 2824 legitur
914 2755 1027 2808 Romani
1062 2752 1207 2807 concbidee
1238 2755 1427 2824 reperiuntur,

357 2833 386 2885 iu
404 2831 473 2883 libro
495 2831 550 2901 περὶ
577 2834 658 2885 λίθων.
679 2823 710 2886 lle
736 2834 866 2904 Λαμψάκῳ
911 2838 1001 2905 quales
1014 2834 1156 2887 Pausanias
1165 2832 1307 2886 describit.
1319 2833 1428 2886 Alexan·

357 2909 388 2966 di
417 2908 475 2963 ποτ’
500 2912 524 2962 iv
553 2916 603 2972 τοῖς
630 2914 758 2981 χρυσίοις,
786 2914 866 2983 ebpllu
911 2912 961 2966 der
979 2913 1188 2983 Neapolitanus,
1210 2912 1261 2965 lib.
1274 2912 1312 2975 V,
1341 2930 1426 2984 capp

356 2990 469 3062 leupus-ir
494 2990 572 3055 λίθος,
595 2991 620 3053 ll
646 2986 674 3050 tlt
700 2992 866 3059 ἀνινιχθιὶσης
911 2990 1140 3049 castaldiorum.
1150 2991 1244 3044 scribit
1256 2990 1285 3043 in
1297 2992 1427 3043 montibus

356 3073 415 3141 πρὸς
442 3069 550 3139 opipare,
575 3067 717 3142 σφραγίδων
745 3074 863 3140 γλαφυρὸν
911 3070 1029 3125 Celebris
1042 3072 1138 3142 proeul
1151 3090 1166 3123 a
1181 3072 1249 3123 mari
1263 3071 1426 3124 versicoloris

356 3151 494 3218 descipulis
517 3150 613 3213 βασιλεῖ
629 3146 675 3202 διὰ
690 3156 717 3202 τὸ
738 3150 862 3218 capieris.
909 3168 936 3203 ee
950 3148 1426 3220 marmorisfrustumvidiese,inqno

359 3228 863 3299 ·AcLampsaci,iuquit,ineurilo·
910 3229 1070 3300 multiplices
1101 3228 1211 3282 concha
1238 3242 1373 3299 congestu
1399 3240 1424 3280 et

355 3307 425 3359 dinis
439 3306 544 3359 iuventa
556 3320 595 3361 eet
608 3306 750 3379 aliquando
761 3327 865 3377 gemma
879 3312 883 3317 “
908 3322 1038 3363 concretae
1051 3308 1219 3371 coemerent,
1240 3327 1321 3361 osseas
1340 3308 1426 3379 potius

354 3383 524 3448 admiranda,
539 3406 569 3439 ex
582 3406 646 3458 que,
658 3406 743 3459 quum
753 3386 788 3439 ad
802 3389 865 3441 mel·
908 3406 987 3461 quam
999 3385 1203 3457 lapideae,etiem
1213 3406 1299 3458 quum
1311 3403 1426 3440 nrannor

354 3468 426 3519 lcum
435 3465 515 3517 relatu
525 3479 604 3530 esset,
616 3467 732 3537 sigillum
742 3467 865 3535 sculptile
909 3466 1063 3529 dissecatur,
1076 3468 1148 3520 intus
1161 3464 1358 3519 delitescentes.
1374 3466 1425 3521 00·

354 3547 463 3599 missum
478 3554 517 3594 eet
532 3547 601 3615 regi,
614 3560 724 3617 propter
739 3559 865 3617 prtesten·
909 3546 1005 3600 clrlidis
1026 3545 1053 3597 id
1069 3566 1152 3617 genus
1172 3558 1221 3598 est.
1238 3547 1310 3599 Diu.
1321 3578 1361 3587 -—
1377 3546 1425 3598 Co·

354 3626 428 3679 tiam
445 3648 457 3668 ι
474 3621 567 3677 Hirro.
909 3626 1006 3677 cllides.
1018 3622 1154 3692 Κοχλὶδις,
1168 3644 1181 3676 a
1194 3623 1372 3677 similitudine
1382 3642 1424 3675 co·

395 3707 422 3757 3.
444 3700 578 3756 Coclulides.
602 3703 776 3757 Cochlidibus
791 3702 866 3757 dissi·
909 3705 1054 3758 chlearum.
1070 3704 1104 3757 fl.
1117 3736 1156 3747 -
1171 3702 1422 3757 cochlidesitteed

353 3784 429 3837 miles
442 3800 497 3832 uon
508 3796 570 3835 sunt
580 3783 738 3848 concludes,
753 3784 866 3853 Megaris
910 3786 1023 3838 conchas
1044 3782 1160 3853 lapideus
1184 3785 1320 3854 pertinere
1334 3781 1423 3834 viden·

353 3862 441 3914 ubivis
465 3859 493 3911 iu
519 3862 668 3933 lapicidinis
692 3864 783 3923 obvii,
809 3863 865 3917 eliis
909 3860 1420 3934 tur;nostris,eoquc'llagespe'trifilffiu.

354 3942 488 3994 molliores
496 3944 653 4013 ‚insiguiter
665 3941 791 4003 candidi,
804 3961 866 3994 con-
950 3950 976 4006 4.
996 3944 1020 3994 Τ
1018 3962 1108 3995 erreuo.
1125 3942 1247 3994 Terreuo
1266 3942 1363 4011 pulvere
1379 3940 1422 3991 ed-

353 4021 557 4076 elrulismeeinis
572 4023 658 4091 pleni,
674 4036 782 4075 auctore
796 4021 864 4073 Pnu-
909 4024 1060 4075 decrescente.
1074 4021 1165 4073 Herio.
1224 4072 1229 4083 ,

352 4100 439 4161 sunia,
458 4100 504 4156 lib.
522 4104 544 4153 1.
569 4100 712 4155 Cocblidee
726 4101 755 4152 in
773 4100 865 4171 lapici-
950 4101 976 4154 5.
991 4100 1147 4153 Sertorium.
1167 4098 1247 4153 Forte
1270 4102 1417 4158 secantium,

351 4180 420 4233 eliuis
432 4180 564 4252 Lugduuo
576 4180 734 4251 propinquis
742 4181 865 4251 [requen-
910 4182 1024 4247 honest,
1037 4180 1204 4250 polientium.
1219 4179 1312 4232 uren.
1361 4210 1366 4217 ·
