3100 5125
376 493 423 565 62
658 495 697 562 C.
724 493 884 565 PLlNll
907 495 1014 565 ΝΑΤ.
1041 498 1170 567 Η18Τ.

379 654 461 701 uum
480 640 622 721 utroque
635 626 815 721 digitorum
825 626 861 715 ¹⁰,
877 643 1087 723 spargantur.
1104 630 1322 701 Crassissimae
1336 656 1378 706 er
1391 633 1448 703 his

380 736 589 806 Praenestinae
611 748 795 822 vocantur,
811 735 992 805 etiamnum
1012 737 1191 807 retinentes
1208 745 1352 825 nomeu,
1369 742 1452 809 For·

379 856 468 913 tunm
484 844 635 911 inaurato
653 841 699 909 ibi
720 840 908 911 fidelissime
928 839 1115 913 simulacro.
1134 845 1289 913 Proxima
1311 844 1450 915 bractea

378 950 555 1043 quaestoria
570 944 764 1042 appellatur.
780 945 940 1043 Hispania
951 947 1091 1042 strigiles
1100 965 1199 1021 vocat
1207 952 1279 1021 auri
1290 949 1449 1045 parvulas

360 1053 518 1140 massas,
540 1053 630 1149 quod
654 1078 755 1148 super
775 1056 887 1124 omnia
905 1053 1011 1124 solum
1032 1056 1067 1124 in
1086 1078 1195 1126 massa
1216 1072 1274 1127 aut
1290 1072 1447 1128 ramento

345 1189 362 1247 4
380 1164 518 1257 capitur.
534 1162 648 1250 Quum
667 1174 786 1231 caetera
802 1163 836 1229 in
850 1158 1020 1231 metallis¹¹
1035 1177 1166 1255 reperta
1182 1164 1251 1257 igni
1268 1163 1445 1259 perfician-

379 1282 445 1355 tur,
461 1265 557 1338 hoc¹²
577 1269 688 1337 statim
708 1291 828 1337 aurum
844 1281 910 1351 est,
923 1283 1255 1363 consummatamque
1270 1272 1447 1341 materiam

378 1376 531 1469 protinus
552 1373 669 1461 habet,
696 1398 800 1469 quum
820 1374 867 1445 ita
890 1375 1069 1444 invenitur.
1092 1378 1174 1445 Haec
1189 1377 1277 1447 enim
1296 1378 1448 1447 inventio

378 1481 450 1573 ejus
470 1479 629 1550 naturalis
648 1494 726 1549 est:
749 1479 814 1548 alia
833 1504 934 1574 quam
954 1480 1123 1567 dicemus,
1150 1496 1277 1551 coacta.
1304 1468 1446 1577 Super'³

379 1601 500 1657 caetera
519 1611 587 1655 non
607 1586 726 1680 rubigo
748 1584 834 1671 ulla,
855 1610 924 1655 non
948 1610 1079 1681 aerugo,
1104 1612 1173 1657 non
1198 1587 1286 1659 aliud
1310 1614 1352 1659 ex
1371 1592 1447 1684 ipso

344 1693 470 1788 tquod
495 1706 669 1763 consumat
696 1691 897 1780 bonitatem,
919 1693 1087 1761 minuatve
1110 1694 1251 1787 pondus.
1268 1698 1343 1766 lam
1359 1720 1445 1765 con·

379 1814 430 1869 tra
461 1798 536 1869 salis
560 1813 594 1867 et
623 1798 707 1867 aceti
737 1822 854 1867 succos
875 1797 1056 1868 domitores
1078 1823 1209 1885 rerum,
1233 1804 1445 1871 constantia:

379 1928 543 2000 superque
574 1906 686 1973 omnia
714 1917 829 1989 netur,
855 1926 894 1972 ac
920 1904 1043 1973 texitur
1063 1903 1147 1973 lanae
1174 1906 1293 1993 modo,
1317 1922 1351 1976 et
1373 1909 1447 1977 sine

379 2010 463 2081 lana.
493 2012 620 2080 Tunica
631 1997 656 2041 ¹⁴
683 2034 783 2079 aurea
805 2003 1027 2104 triumphasse
1054 2012 1268 2104 Tarquinium
1295 2014 1443 2083 Priscum

379 2118 517 2188 Verrius
532 2117 638 2186 docet
651 2116 722 2186 Nos
739 2115 885 2185 vidimus
903 2104 1151 2210 Agrippinam¹⁵
1171 2117 1302 2187 Claudii
1322 2122 1446 2213 princi-

377 2224 444 2319 pis,
466 2223 584 2293 edente
617 2246 658 2291 eo
687 2221 814 2292 navalis
846 2221 949 2318 praelii
983 2222 1225 2351 spectaculum,
1246 2224 1446 2295 assidentem

376 2330 423 2417 ri,
444 2329 593 2401 indutam
619 2328 876 2424 paludamento,
897 2326 998 2397 auro'
1035 2328 1137 2399 textili
1161 2330 1230 2400 sine
1247 2330 1315 2428 'aliu
1335 2347 1444 2403 mate-

375 2496 543 2550 bractearum
551 2493 673 2559 tennitas,
680 2504 710 2547 ut
719 2490 764 2545 vix
771 2510 888 2564 ⁰⁹⁰⁰⁰⁰9
932 2479 1020 2561 olim).
1037 2492 1114 2545 Voss.
1133 2492 1233 2545 Verrius
1253 2492 1330 2548 docet.
1350 2494 1445 2550 Gann.

377 2577 471 2648 millig.
484 2587 578 2648 aequet.
592 2575 645 2627 En.
975 2571 1018 2625 15.
1033 2574 1204 2644 Agrippinam.
1223 2575 1328 2646 Nempe
1347 2577 1446 2646 conju·

420 2677 462 2710 ιο.
477 2656 626 2725 (lanternam
637 2664 737 2724 utroquo
748 2651 888 2722 digitorum.
931 2668 990 2722 gem
1001 2651 1116 2706 Neronis
1127 2667 1247 2707 matrem.
1255 2654 1388 2708 Describit
1396 2655 1446 2708 hos

376 2734 484 2788 Mallem
504 2735 605 2804 legeres
619 2735 742 2806 utrinque,
760 2743 806 2784 aut
817 2745 890 2785 certe
931 2730 1011 2784 ludos
1023 2733 1092 2798 Dio,
1106 2733 1155 2786 Lx
1163 2771 1172 2794 .
1186 2751 1246 2806 pag.
1263 2735 1318 2804 687
1331 2723 1382 2788 eds
1395 2755 1444 2790 τινι

376 2827 493 2888 utruque,
516 2831 595 2884 quam
618 2825 725 2884 utroque.
749 2811 832 2864 Pur.
849 2843 888 2853 -
931 2806 961 2862 dl
974 2814 1047 2883 λίμνῃ
1062 2814 1202 2882 ναυμαχίαν
1221 2809 1370 2875 tutantis:
1385 2817 1445 2868 lm-

379 2895 495 2966 Utroqroe.
514 2891 547 2945 In
563 2889 756 2964 longitudinem
764 2931 773 2954 ,
789 2903 816 2944 et
830 2891 888 2944 leti·
931 2891 1022 2962 ltipnns
1036 2899 1168 2950 ποιῆσαι...
1180 2895 1192 2946 d
1205 2888 1234 2945 dl
1250 2888 1283 2951 δὴ
1302 2890 1445 2962 Κλαύδιος,

376 2973 507 3028 tudinem.
520 2971 611 3023 tirso.
930 2971 943 3022 d
964 2991 992 3024 τι
1010 2975 1093 3041 Νέρων
1110 2981 1278 3042 <passurumne
1298 2975 1442 3043 ίςᾰλησανς

419 3073 465 3108 11.
481 3053 597 3106 Metellis.
612 3052 644 3103 ln
660 3047 760 3102 lodinis
774 3049 888 3103 metalli·
930 3049 975 3106 tn
1003 3042 1146 3123 Ᾰγριππίνα
1167 3049 1278 3122 piopriis
1299 3048 1444 3126 Ιδιινχρυσίφ

374 3133 421 3188 cis.
437 3131 527 3184 Hann.
931 3129 1068 3200 irruptis-a.
1080 3157 1092 3179 ι
1103 3130 1362 3204 Inpaludequndanr
1373 3135 1445 3188 exbi-

418 3233 462 3266 η.
479 3211 544 3263 Hor.
559 3211 625 3263 Auri
639 3207 776 3281 purissimi
788 3227 885 3280 grana,
930 3209 994 3263 berc
1004 3212 1239 3264 navalecertamen
1255 3211 1383 3266 Claudius
1396 3233 1445 3268 cu·
1502 3231 1508 3243 ·

373 3313 421 3348 ceu
438 3309 538 3356 arena,
551 3291 577 3342 in
591 3288 689 3342 fodinis
704 3290 887 3361 reperiuntur.
928 3289 1180 3360 plebat...vestitum
1191 3310 1240 3343 suo
1252 3293 1364 3364 quisque
1373 3293 1444 3348 arbi·

375 3371 668 3426 ·Grsnuminventum
683 3387 804 3422 esseron
818 3387 887 3422 mar·
930 3370 996 3434 trio,
1018 3369 1158 3423 militarem
1178 3370 1305 3424 Claudius
1322 3387 1348 3426 et
1369 3373 1443 3426 Nem

372 3471 464 3508 carum
480 3449 560 3503 simul
575 3475 586 3496 ι
603 3461 747 3502 auctorest
760 3449 887 3502 Albertus
929 3450 1081 3520 gestabant,
1099 3450 1251 3522 Agrippina
1271 3453 1443 3524 chlamydem

372 3531 411 3585 Μ.
426 3533 445 3585 l.
464 3549 488 3583 c.
510 3528 543 3582 ll.
560 3558 601 3568 —
620 3527 688 3580 Auri
704 3527 788 3586 nativi
804 3548 886 3600 pana
930 3545 975 3580 ssu
987 3526 1202 3599 paludamentum
1219 3550 1284 3584 auro
1300 3544 1410 3586 textum.
1427 3559 1439 3580 1

371 3606 484 3684 (plpitaes)
498 3609 651 3662 etiamnunc
663 3619 802 3660 serrantur
816 3606 887 3679 apud
973 3611 1017 3662 16.
1034 3609 1186 3662 durabile
1202 3611 1275 3663 tcuui
1291 3609 1443 3683 deduceba-

370 3711 436 3756 nos,
449 3707 509 3763 quas
522 3687 603 3741 libras
615 3689 670 3741 lere
684 3686 797 3740 tricenas
810 3687 886 3741 binas
929 3697 974 3740 tur
989 3707 1101 3752 aurum,
1115 3707 1202 3760 eoque
1219 3703 1304 3744 restes
1321 3694 1445 3745 tereban-

370 3769 499 3848 pendant.
516 3769 567 3822 En.
930 3777 985 3821 tur.
1009 3766 1103 3821 Sidon.
1130 3769 1247 3840 Apollin.
1276 3789 1357 3825 carm.
1390 3791 1445 3842 ns,

414 3851 460 3906 13.
474 3849 561 3920 Super.
578 3847 665 3902 Etiam
680 3864 764 3918 aqua,
780 3857 883 3899 terrave
929 3865 954 3897 v.
973 3864 1025 3916 ¹99
1040 3865 1047 3900 :
1061 3870 1071 3891 ι
1086 3848 1138 3901 vel
1153 3849 1264 3901 stamine
1276 3849 1351 3903 lulvo
1369 3852 1444 3904 Prae·

370 3931 520 4008 sepultum,
532 3928 574 3981 rel
584 3927 707 4000 pluribus
716 3925 828 3990 secutis,
839 3945 883 3978 ru·
927 3937 1036 3996 guantes
1050 3927 1101 3980 lusi
1114 3928 1247 3981 mollitum
1262 3948 1338 3984 nesse
1349 3933 1443 3985 metal-

369 4013 487 4084 biginern
502 4008 602 4062 nullam
617 4004 758 4060 contrahit.
770 4001 861 4055 litun·
927 4003 994 4058 lum.
1011 4031 1023 4053 ι
1040 4006 1081 4059 De
1094 4007 1237 4080 Elagabalc
1252 4009 1441 4081 Lampridius:

412 4099 453 4157 14.
463 4091 558 4143 Tunica
567 4106 640 4139 aurea
650 4085 807 4156 triumphasse
816 4085 880 4137 Tar·
927 4106 939 4129 ι
954 4085 1068 4140 indutus
1093 4100 1131 4141 est
1155 4088 1229 4141 omni
1251 4107 1330 4144 auree
1351 4089 1443 4144 tunica

368 4175 475 4248 φωνην
488 4169 597 4221 Priscum
616 4166 718 4219 Verrius
739 4165 816 4216 tradit
833 4159 882 4227 <sic
928 4161 998 4227 (hoc
1017 4179 1068 4232 est,
1092 4179 1147 4220 tota
1168 4185 1262 4233 aurea,
1289 4181 1318 4223 ut
1342 4169 1440 4223 Maro:
