3100 5125
454 596 616 667 LIBER
645 598 831 678 XXXIII.
1109 622 1172 667 rur

100 729 176 822 dius
204 753 305 824 paene
327 727 561 822 manipretiis:
585 728 684 823 idque
699 729 768 822 jam
791 726 937 822 pridem,
963 728 1174 825 ut'ignosca-

102 862 180 905 mus
193 836 306 905 nobis.
318 833 524 928 Delphinos²
547 837 656 928 quiuis
668 834 814 905 millibus
830 834 1020 905 sestertium
1028 836 1062 905 in
1077 834 1175 907 librat

101 957 237 1037 emptos
251 944 292 1011 C.
316 941 492 1010 Gracchus
512 942 637 1011 habuit.
657 942 781 1011 Lucius
799 965 878 1011 vero
893 943 1033 1011 Crassus
1049 946 1173 1012 Orator

101 1049 187 1119 duos
209 1048 358 1143 scyphos
378 1049 542 1126 Mentoris
569 1047 704 1117 artificis
725 1070 825 1120 manu
847 1046 978 1119 caelatos
997 1035 1172 1119 sestertiis³

103 1180 133 1225 c
152 1155 342 1225 Confessus
361 1168 471 1223 tamen
492 1168 560 1240 est,
572 1178 753 1247 numquam
771 1178 807 1224 se
824 1154 875 1223 his
894 1156 943 1223 uti
964 1169 1171 1251 propterve·

103 1261 302 1331 recundiam
325 1284 455 1329 ausum.
476 1262 614 1329 Constat
634 1261 786 1329 eumdem
810 1262 995 1329 sestertium
1017 1284 1053 1329 vr
1077 1260 1170 1347 milli·

104 1356 185 1437 bus⁴
196 1369 234 1454 in
247 1364 397 1472 singulas
411 1364 510 1435 libras
521 1381 726 1460 vasa-empta
736 1352 919 1437 habuisse⁵.
935 1368 1010 1437 Asia
1027 1369 1172 1461 primum

105 1534 403 1606 pnnemanupretinm.
416 1559 429 1581 ι
443 1532 524 1597 Quod
536 1552 618 1586 manu
661 1535 739 1605 phiui
748 1549 812 1589 sunt
821 1549 977 1590 ornamenta
985 1536 1172 1603 tricliniorum,

106 1614 201 1667 iactum
225 1627 302 1679 erat,
322 1627 350 1666 et
369 1611 442 1685 quod
460 1612 552 1667 datum
569 1633 619 1684 pro
660 1627 706 1668 sut
720 1633 862 1679 vasorum,
878 1614 1067 1687 delphinorum
1081 1615 1174 1672 simili-

106 1694 365 1764 eo‚unnnpretium
379 1692 619 1757 vocabatur,ama⁴
660 1693 835 1749 tudinel'idc
848 1697 1037 1767 DuCangium
1052 1698 1079 1749 in
1096 1697 1172 1750 Glos-

107 1775 200 1835 uibus,
217 1786 246 1828 et
262 1771 362 1843 pretio.
368 1773 458 1824 Verba
476 1787 539 1825 sunt
552 1774 620 1826 Var-
659 1776 742 1829 sario.
752 1776 844 1829 Hsnu.
860 1806 899 1819 --
915 1778 1003 1843 Quiris
1018 1776 1123 1829 utilibus
1135 1797 1173 1829 se·

107 1854 176 1906 runis
192 1850 227 1904 tle
238 1853 318 1923 Βίης.
333 1852 430 1904 hev,
446 1852 479 1905 Iu
492 1852 620 1917 Plinianis
659 1858 766 1907 stertiursr
786 1857 811 1905 iu
829 1855 912 1907 libres.
926 1856 1003 1909 Prius
1023 1856 1172 1926 legebatur,

110 1931 246 1987 codicibus
259 1936 427 2001 maspetum
444 1932 544 2003 ubique
557 1934 620 1985 seri·
660 1937 737 2006 quiuis
750 1934 853 1987 mittitur
862 1939 988 1998 sestertiis,
1001 1934 1074 2005 quod
1088 1934 1122 1989 de
1135 1954 1173 1989 se·

107 2014 185 2065 bitur.
208 2011 315 2064 Plinius
332 2012 401 2081 ipse,
418 2011 553 2073 XXXIV,
566 2029 619 2081 17²
659 2014 777 2076 arseciis,-
790 2014 844 2067 sive
859 2015 994 2079 neutrius,
1016 2026 1045 2067 nt
1063 2028 1172 2078 vocant,

111 2118 122 2139 0
135 2090 253 2145 Solitum
269 2090 342 2146 enim
359 2110 391 2143 ex
404 2090 562 2162 manipretio
576 2109 621 2145 cu·
660 2094 778 2163 generis,
798 2092 852 2147 sire
873 2095 1016 2157 masculei,
1032 2109 1103 2149 recte
1117 2094 1172 2148 dici

106 2170 281 2243 jusque'signi
295 2168 419 2224 denarios
430 2168 566 2241 deponere
575 2188 621 2223 au·
660 2190 766 2225 srsnon
773 2172 1170 2244 pssimnhoessigrammuiea.
1189 2208 1200 2241 0

108 2270 164 2304 reos
177 2250 311 2321 singulos
321 2275 333 2296 ι
346 2251 414 2303 Item
422 2250 564 2320 Ulpianus,
572 2250 619 2303 lib.
661 2250 702 2305 Ile
720 2253 847 2305 sestertiis
860 2272 948 2323 porro,
959 2254 1114 2324 posterioris
1125 2272 1172 2325 ge·

108 2330 167 2401 Dig.
182 2331 229 2387 tit,
241 2328 372 2394 deverb.
388 2328 453 2399 sign.
466 2330 517 2400 leg.
531 2330 620 2386 Mulie·
660 2332 732 2383 neris
751 2332 841 2401 accipi
855 2332 911 2385 hec
932 2345 1057 2401 oportere
1081 2347 1173 2387 auctor

109 2416 157 2461 ris:
171 2434 184 2454 ι
199 2408 366 2479 Plerumque
381 2409 442 2479 plus
460 2421 500 2463 est
518 2409 547 2463 in
568 2428 621 2461 ms,
663 2424 702 2463 est
709 2410 866 2463 Plutarchus
876 2413 903 2465 In
917 2411 1054 2474 Gracchis,
1063 2430 1091 2483 p.
1105 2415 1172 2469 82⁵,

109 2508 157 2542 nus
171 2490 276 2559 pretio,
291 2506 371 2559 quam
386 2488 482 2550 inre.»
498 2489 543 2541 Sic
555 2488 620 2541 Ori·
662 2490 710 2543 ubi
720 2490 848 2561 objecisse
859 2490 981 2546 Graccho
992 2492 1109 2545 Drusum
1122 2492 1174 2556 sit,
1238 2542 1241 2548 ,
1351 2536 1356 2546 ,

110 2568 181 2622 dius:
193 2597 206 2618 ι
216 2567 360 2622 Materiam
369 2569 510 2641 superabat
519 2587 617 2641 ρρηεςι
661 2569 735 2642 qnod
754 2567 895 2641 delphinos
913 2584 1049 2642 argenteos
1066 2590 1174 2644 compe·

109 2668 200 2704 nanus
210 2649 286 2704 eninr
298 2667 349 2720 pro
359 2667 450 2720 opere.
459 2649 553 2702 uanus
564 2668 622 2720 pre·
661 2663 759 2714 resset,
774 2662 878 2721 emptos
898 2651 926 2702 in
945 2651 1062 2721 singulas
1080 2652 1175 2716 libras,

111 2729 143 2780 tia
157 2727 231 2785 dixit
246 2729 364 2782 Tertull.
377 2725 412 2781 de
424 2726 523 2780 Idolol.
534 2728 621 2782 ceteri
662 2728 778 2782 denariis
799 2729 871 2783 mille
891 2730 1041 2801 quingentis
1059 2743 1085 2784 et
1100 2750 1174 2785 sexa·

109 2823 242 2863 contracte
260 2808 470 2878 manupretium.
482 2808 582 2862 Cicero.
592 2810 621 2860 iu
661 2809 894 2882 pjuta,sive,quod
905 2808 1176 2882 idemquinissester·

110 2889 187 2941 Verr.
211 2889 273 2955 III,
299 2887 453 2941 «uacuus
483 2906 623 2956 manupre-
664 2891 737 2942 tium.
748 2888 874 2942 millibus.
887 2890 983 2961 βίηφί
993 2895 1096 2958 Δροῦσον
1106 2893 1175 2963 ἰλιγ-

108 2969 204 3021 tium·
220 2965 266 3020 sd
279 2985 360 3040 quem
374 2968 463 3021 locum
474 2968 621 3022 Asconius:
662 2990 722 3038 yps,
744 2969 782 3025 irs
808 2963 925 3038 dispiter
944 2971 1057 3041 ἀργυροῦς
1074 2972 1175 3042 impiere

112 3047 344 3117 ·IIanupretium
367 3045 476 3111 dicitur,
496 3048 542 3100 ubi
567 3065 622 3105 uon
664 3054 738 3117 τιμῆς
755 3050 788 3110 tit
803 3049 892 3109 leik-rs
907 3046 1175 3122 tispssdpeypissp-

108 3141 163 3181 tam
181 3127 302 3180 materie
320 3127 405 3188 ratio,
425 3144 510 3198 quam
527 3145 622 3180 manus
662 3129 719 3182 λίην
737 3126 779 3182 καὶ
799 3123 933 3188 dicacior
955 3131 1118 3188 πεντήκοντα.
1140 3131 1175 3182 tt.

110 3221 190 3279 atque
214 3209 281 3261 artis
308 3203 450 3261 ducitur.»
477 3206 547 3260 Galli
572 3225 623 3258 uos
663 3209 803 3278 -Quiuis
818 3208 922 3261 millibus
933 3209 1175 3263 sertertiumflalli-

110 3289 191 3358 reigo
205 3283 338 3349 dicimus,
350 3287 375 3336 ie
382 3287 468 3356 sapon.
482 3286 574 3339 lisso.
583 3317 623 3330 --
664 3307 701 3342 css
715 3301 828 3341 monetas
840 3289 918 3348 libris
930 3307 997 3360 97²·
1013 3291 1095 3342 liuor.

110 3367 208 3421 Furnit.
223 3367 295 3420 blale
306 3365 383 3418 uss,
394 3365 571 3439 Reggjuerit,
580 3366 623 3420 vel
706 3369 733 3421 3.
746 3366 867 3428 Sestertiis
879 3368 909 3422 C.
924 3368 1047 3424 sestertia
1057 3367 1178 3434 centum,

105 3450 198 3516 fient.
210 3447 369 3512 Broterius,
373 3447 448 3514 furit.
463 3445 514 3500 En.
665 3445 885 3518 sivequodidam
896 3448 1179 3515 est,sestertiutuceu·

152 3523 178 3581 η’.
204 3527 347 3598 Detplrs'aos.
374 3525 507 3578 Vesorum
532 3543 623 3598 penus.
666 3540 727 3581 tens
742 3526 939 3582 millimlissn.
952 3529 1178 3584 -Gallicsemo-

111 3605 232 3662 Fuerunt
245 3618 275 3660 et
289 3605 427 3676 Delphica
441 3604 625 3676 emmaqui·
666 3619 735 3661 nette
749 3606 825 3659 libre
843 3609 955 3677 ¹9r453·
974 3610 1026 3662 En.

111 3686 162 3737 bus
179 3685 275 3738 einum
293 3685 498 3740 ministrabatur.
516 3684 624 3754 Delphi·
709 3694 736 3750 4.
755 3685 894 3740 Sestertium
921 3689 960 3740 Vt
980 3687 1093 3740 mtttttm.
1120 3686 1178 3740 tto«

110 3783 162 3817 nos
171 3765 237 3817 olim
248 3765 345 3817 mensis
354 3765 382 3816 in
393 3777 516 3818 ornatum
526 3765 622 3836 subjici
667 3783 722 3832 est,
743 3779 856 3820 monete
873 3780 968 3822 nostre
986 3767 1087 3837 gallice
1103 3767 1179 3820 libris

111 3843 203 3898 solitos
213 3843 299 3898 Greci
309 3842 476 3897 adnotarunt
491 3861 498 3896 ι
516 3856 546 3896 ut
561 3863 622 3898 can·
671 3849 767 3918 r,167.
787 3847 838 3908 Εη.

112 3922 203 3978 theros
222 3937 250 3976 et
266 3923 410 3977 Cheirones
426 3923 523 3976 abacis.
543 3924 624 3976 Juve-
712 3927 738 3979 5.
752 3927 822 3978 Vasa
835 3938 913 3994 emptu
930 3924 1048 3978 astuosa
1062 3927 1127 3996 aeg.
1145 3944 1177 3989 η,
1278 3975 1279 3978 ,

113 4003 200 4056 nelis:
218 4003 435 4056 «Ornamentum
453 4003 551 4066 abaci,
575 4020 625 4056 nec
669 4005 747 4058 colb.
767 4006 796 4069 3,
816 4017 843 4066 et
855 4004 972 4060 Pintisui
984 4003 1044 4058 cod.
1061 4023 1111 4058 uris
1129 4023 1178 4056 sm·

115 4100 170 4135 nnn
184 4095 211 4135 et
230 4083 359 4154 parvulus
378 4082 448 4150 inira
460 4081 626 4146 cantharus,
666 4085 763 4156 ptuiis,
778 4103 834 4138 non
845 4103 908 4152 uma
928 4096 1007 4154 empta
1024 4103 1080 4154 pras
1098 4102 1125 4136 se
1141 4084 1179 4136 ie-

118 4173 145 4212 et
161 4161 293 4215 recubans
310 4162 361 4214 snb
380 4161 474 4216 eodem
493 4179 626 4216 marmore
669 4175 741 4218 runt·
772 4163 928 4218 Gronovius
961 4183 1008 4216 uua
1040 4163 1180 4216 emblemata

119 4240 228 4296 Chiron.
239 4269 251 4290 ·
265 4243 337 4296 Dan.
360 4273 399 4286 —
414 4241 553 4311 Dslpirirsos.
569 4243 627 4296 Del·
671 4244 837 4314 coniiciebut.
853 4245 936 4298 Erant
951 4257 1040 4298 autem
1052 4241 1182 4316 tactim,
