3100 5125
472 493 513 572 Ἰ
519 505 638 574 IBER
663 505 824 572 XXXV.
1116 497 1181 568 361
1208 513 1211 524 “

176 633 424 704 Adnumcratur
438 633 490 702 his
504 650 538 704 et
556 637 768 753 Nicophanes
790 632 921 762 elegans
938 646 971 700 et
990 633 1186 716 concinnus,
1205 639 1240 701 46

122 740 170 808 ita
188 755 227 808 ut
245 754 418 808 venustate
438 740 467 806 ci
490 742 586 833 pauci
609 739 879 835 comparenturffi
858 725 1132 813 ⁸'Cothumus
1104 762 1134 805 er
1156 751 1189 806 et

123 847 270 938 gravitas
284 847 403 913 artis
369 843 394 882 ¹⁹
430 844 573 914 Multum
589 846 766 915 aZeuaide
782 861 816 914 et
836 842 947 938 Apelle
961 843 1053 911 abest
1066 842 1188 935 Apellis

124 949 306 1044 discipulus
321 952 478 1035 Perseus,
502 951 543 1018 ad
566 977 661 1045 quem
685 952 726 1021 de
749 952 811 1019 hac
832 964 902 1018 arte
923 951 1062 1042 scripsit.
1081 949 1188 1042 Hujus

124 1055 234 1123 fuerat
250 1057 354 1124 aetatis
369 1054 561 1125 Aristides²⁰
578 1058 726 1126 Thebani
744 1053 934 1150 discipulus.
957 1052 1135 1123 Fuerunt²¹
1157 1069 1190 1122 et

125 1158 202 1244 lilii,
222 1162 372 1244 Niceros,
392 1175 425 1228 et
440 1160 601 1230 Ariston²²
604 1165 728 1256 ,cujus
745 1177 796 1230 est
814 1165 948 1254 Satyrus
966 1185 1043 1229 cum
1064 1159 1189 1253 scypho

126 1280 314 1335 coronatus.
330 1253 535 1360 Discipuli²³,
555 1268 730 1337 Antorides
743 1282 778 1336 et
786 1267 997 1360 Euphranor,
1017 1266 1191 1359 dequibus

127 1394 205 1439 mox
223 1371 384 1469 dicemus

177 1479 356 1545 XXXVII.
367 1478 519 1570 Namque
530 1479 660 1549 subtexi
673 1504 734 1574 par
749 1494 798 1548 est
813 1479 948 1546 minoris
960 1475 1111 1582 picturar'
1133 1501 1189 1544 ce·
1211 1507 1222 1540 t

127 1581 259 1651 lehres
250 1608 284 1650 m
303 1582 475 1675 penicillo,
493 1587 649 1678 equibus
673 1585 739 1654 fuit
760 1579 959 1678 Pyreicus²2
984 1597 1055 1650 arte
1054 1583 1191 1710 paucis
1294 1675 1298 1680 1

127 1687 378 1781 postferendus·
400 1691 589 1783 proposito,
605 1693 718 1760 nescio
739 1713 782 1758 an
799 1671 1064 1758 destruxerit³
1010 1713 1084 1757 se:
1103 1712 1189 1781 quo·

128 1846 229 1900 vocarit
244 1845 380 1916 Rrphnel,
401 1857 428 1898 et
440 1847 557 1916 antiquis
572 1848 638 1900 mul-
681 1847 810 1900 Thebano
820 1845 922 1900 dictum
934 1845 1064 1917 superius
1072 1846 1142 1898 Huic
1153 1844 1192 1897 di·

128 1937 182 1977 turn
196 1925 337 1995 placuere,
352 1937 382 1976 ut
397 1937 470 1996 patet
492 1945 524 1978 ex
540 1939 580 1980 tot
593 1946 638 1980 eo·
681 1927 815 1997 rcipnlum
831 1927 910 1978 luisse
922 1925 1108 1996 cognominem
1120 1943 1191 1978 nunc

128 2022 186 2055 rom
202 2004 381 2080 monumentis
391 2043 398 2066 ,
409 2023 468 2075 quae
476 2019 636 2075 supersunt,
681 2005 785 2058 Plinius
798 2019 936 2058 asseverat.
953 2005 1042 2057 Hrnn.

128 2096 155 2135 et
181 2083 293 2152 picturis
322 2082 569 2138 Herculanenrihus.
596 2086 636 2138 Ex
723 2085 894 2138 assuerunt.
907 2085 991 2153 Hujus
1004 2083 1067 2147 lilii,
1080 2083 1190 2150 hoccat,

129 2163 201 2214 Brut.
212 2174 282 2215 nott.
295 2160 329 2213 ad
343 2162 415 2215 hunc
424 2163 520 2215 locum.
531 2165 586 2217 En.
681 2164 851 2228 Per-seimon
866 2162 1099 2216 meridiatum.
1131 2193 1133 2197 ·

170 2244 212 2293 18.
225 2241 266 2292 Ita
278 2252 307 2292 ut
322 2254 445 2293 venustate
456 2247 480 2293 ei
488 2246 564 2310 pauci
573 2262 636 2294 com·
724 2262 767 2296 ro.
783 2244 883 2296 Niceros
892 2256 916 2293 et
925 2243 1036 2294 Ariston.
1048 2243 1156 2311 Nieepoe
1164 2255 1192 2294 et

126 2332 246 2390 parantur.
255 2321 300 2372 Sic
307 2319 418 2372 totidem
431 2322 509 2392 plane
520 2322 636 2390 syllabis,
680 2313 801 2391 Ἀρίστων.
816 2323 854 2374 Ita
864 2323 930 2392 Reg.
943 2343 957 2373 a
970 2321 1060 2373 etalii.
1072 2323 1103 2373 In
1116 2320 1191 2372 libris

50 2441 54 2446 .
128 2417 175 2452 nec
183 2399 637 2472 pluribu⁸,ttffl.lteg.2‚ett²in-
680 2400 759 2454 editis
773 2403 922 2470 Aristippus.
932 2400 1038 2452 Ariston
1050 2400 1072 2452 is
1085 2397 1191 2452 videtur

129 2479 199 2531 rimi.
207 2478 287 2538 Libri
295 2477 362 2531 editi
374 2479 503 2549 adjiciunt
515 2479 557 2532 his
566 2481 635 2533 mul·
679 2497 750 2545 erse,
770 2477 804 2532 de
820 2497 874 2550 quo
891 2479 1020 2540 XXXIV,
1039 2477 1189 2546 19.t1mn.

129 2570 165 2624 ta,
177 2557 223 2611 sed
232 2559 321 2631 rpuria
333 2580 339 2609 :
351 2581 362 2601 ι
371 2559 410 2611 Ita
421 2572 451 2611 nt
459 2572 560 2613 vetusta
574 2579 636 2631 ope·
723 2559 767 2612 23.
784 2559 914 2629 Discipuli.
935 2555 1060 2630 Ejusdem
1081 2558 1190 2622 Persei,

128 2657 155 2689 rr
164 2638 283 2707 pingeret
294 2652 403 2707 propter
414 2638 585 2691 eternitatem
596 2658 636 2692 re·
679 2640 755 2707 cnjus
770 2638 818 2690 filii
832 2638 953 2709 proxime
968 2636 1100 2709 appellati.
1116 2637 1150 2689 Η.

128 2734 184 2769 mm
192 2756 200 2781 ,
212 2718 355 2786 impetuosi
363 2718 495 2781 animi,et
504 2719 548 2771 cui
557 2719 634 2789 pauci
718 2718 836 2770 XXVII.
853 2735 877 2769 r.
892 2718 994 2769 Minoris
1004 2721 1117 2787 picture.
1132 2717 1191 2768 Μο-

129 2808 326 2866 comparentur.
339 2822 349 2843 ι
367 2797 458 2850 Herm.
679 2796 746 2849 dien
758 2796 956 2868 amplitudinis,
972 2796 1003 2847 de
1012 2798 1074 2867 petit
1086 2797 1188 2847 volume.

167 2894 211 2943 ¹9.
225 2876 364 2928 Corum
377 2880 400 2927 ei
411 2888 436 2927 et
444 2878 552 2945 gravitas
565 2879 634 2928 ertia
678 2874 769 2929 Halo.

127 2952 254 3025 tingendi
274 2954 342 3006 ratio
364 2956 472 3023 grandir
486 2994 494 3019 ‚
516 2956 634 3018 excelse,
722 2975 746 3008 r.
759 2955 883 3028 Pyreiem.
895 2954 1191 3024 MeminitPropertius,

126 3034 229 3087 nobilis.
252 3032 323 3085 Galli
344 3032 439 3087 dicunt
452 3072 460 3097 ,
485 3034 510 3085 la
532 3038 635 3087 monitu
678 3034 726 3087 lib.
744 3034 800 3096 111,
824 3034 890 3105 eleg.
910 3038 943 3095 8,
959 3050 990 3085 ex
1006 3032 1191 3087 emendatione

126 3113 218 3181 grande
231 3124 256 3163 et
270 3113 348 3165 noble.
371 3114 523 3167 cothurnos
539 3112 635 3165 indue·
678 3112 820 3166 Beroaldi:
832 3114 976 3185 ul’yreicur
984 3130 1065 3181 parva
1074 3112 1193 3165 vindicat

126 3190 327 3261 hontmgoedi,
340 3210 424 3262 quum
438 3195 466 3244 in
479 3194 582 3245 theatro
595 3193 634 3244 lu·
677 3192 867 3246 melorum.-
887 3191 966 3244 Priua
981 3190 1053 3261 apud
1075 3192 1191 3261 Proper·

126 3270 214 3325 bulum
227 3272 312 3323 acturi
325 3283 401 3324 erant
413 3290 419 3324 :
431 3270 502 3323 unde
517 3290 567 3341 pro
580 3273 634 3325 alto
678 3272 745 3323 tium
758 3272 905 3323 Parrhasius
927 3271 1073 3341 legebatur.
1094 3273 1126 3323 In
1138 3271 1191 3323 Pli-

127 3362 152 3402 et
180 3362 338 3420 exaggerato
364 3344 493 3414 dicendi,
528 3350 634 3404 aliudve
677 3351 762 3402 nianis
772 3350 851 3405 codd.
861 3350 936 3404 MSS.
946 3350 1045 3402 Preicnr
1055 3362 1081 3402 et
1089 3351 1191 3403 Procius

127 3428 239 3482 faciendi
252 3447 349 3499 genere
364 3430 538 3500 accipiuntur.
552 3431 635 3482 Hora·
678 3430 800 3500 legimur.
808 3429 881 3494 Quid
892 3430 971 3483 statui
978 3443 1051 3483 certe
1059 3427 1092 3481 de
1102 3448 1131 3483 ea
1143 3448 1191 3482 vn·

127 3508 181 3561 tina
193 3509 221 3561 in
233 3509 317 3562 Arte:
341 3533 352 3555 ι
362 3509 441 3563 Hunc
454 3507 524 3561 rocci
540 3526 634 3579 cepere
678 3526 709 3560 ce
722 3521 858 3577 oporteat,
868 3510 1009 3562 heremus.
1020 3510 1046 3562 Η
1049 3526 1113 3561 ruo.

127 3585 233 3656 pedem,
248 3585 413 3657 grandesque
428 3588 562 3641 cothurni.
573 3615 584 3635 ι
598 3589 634 3642 Η.
720 3588 746 3640 3.
760 3590 904 3658 Proposito,
918 3592 996 3641 nescio
1006 3608 1038 3639 an
1049 3588 1192 3639 destruxerit

167 3686 212 3718 πο.
226 3668 309 3735 Hujus
311 3667 398 3732 suem
412 3670 491 3719 aetatis
503 3668 633 3723 Aristides.
678 3687 711 3719 se.
719 3668 885 3720 Concinnior
892 3668 970 3721 lectio
977 3668 1190 3737 detriverit,quam

128 3744 166 3796 Ita
178 3744 282 3816 egregie
294 3747 357 3815 lleg.
372 3765 404 3810 a,
416 3764 499 3817 quum
513 3747 541 3799 in
555 3746 634 3800 editis
679 3746 832 3800 destruxerit.
849 3750 917 3800 Dm..
933 3780 970 3789 -
979 3747 1114 3817 Proposito.
1127 3746 1190 3797 Pro·

127 3822 249 3877 hactenus
267 3824 341 3877 libris
362 3826 450 3877 omnia
463 3827 632 3895 perturbata,
679 3826 766 3897 posito
781 3845 845 3879 vero
858 3844 924 3890 suo,
938 3827 964 3877 in
974 3826 1120 3879 humilibus
1130 3843 1191 3895 ope-

127 3902 314 3973 immntatrque
338 3904 375 3957 sic
395 3904 540 3975 legantur:
566 3932 577 3953 ι
590 3905 633 3958 Ad
680 3906 755 3957 ribus
764 3904 908 3971 herendo,
921 3906 1011 3958 nescio
1022 3922 1054 3957 an
1067 3922 1121 3956 non
1135 3903 1191 3974 ipse

127 3999 204 4052 quem
216 3982 250 4035 de
261 3983 312 4036 hnc
325 3995 382 4035 arte
397 3984 572 4056 scripsit,qni
586 3985 636 4038 ho·
679 3984 832 4037 adversatur
843 3985 891 4038 sit:
904 4004 964 4038 uam
976 3983 1038 4036 licet
1050 3982 1191 4037 reshumi·

127 4062 167 4127 jur
189 4061 241 4116 l'uit
265 4062 354 4116 aetatis.
381 4062 501 4116 Aristidis
513 4064 635 4117 Thebani
678 4064 863 4133 impinxerit,
885 4083 934 4133 per
948 4075 1089 4116 eastamen
1101 4063 1192 4134 ingen·

128 4137 251 4212 discipuli
261 4142 459 4209 firerunt,etc.·
471 4141 636 4197 Dehnstide
680 4155 733 4195 tem
745 4142 774 4195 in
789 4162 821 4195 en
835 4161 925 4196 rerum
939 4134 1082 4195 humilium
1095 4160 1190 4215 genero
