3100 5125
488 526 644 595 utnuu
672 525 875 594 xxxvu.
1144 522 1214 619 617

151 659 286 754 indigne
304 654 402 726 tulit:
426 681 573 751 avusque
594 658 721 728 Servilii
740 657 905 740 Noniani,
930 681 1030 750 quem
1048 655 1215 726 consulem

150 764 295 833 vidimus
308 762 329 786 ¹¹
346 789 354 830 :
374 761 430 832 itte
452 765 658 857 proscriptus
679 764 825 858 fugiens,
843 763 967 832 huncc
990 762 1130 831 fortunis
1151 765 1217 832 suis

153 869 309 938 omnibus
326 868 461 937 anulum
480 869 756 954 maniniocum,
775 893 874 965 quem
892 882 1019 940 certum
1036 883 1085 936 est
1100 883 1216 936 sester-

150 979 233 1044 tium
250 977 364 1069 viginti
377 973 550 1044 miilibns¹²
564 978 770 1045 estimatum.
789 974 853 1044 Sed
869 975 950 1050 miro
960 974 1095 1043 Antonii
1107 973 1218 1044 feritas

151 1155 260 1209 dentem
285 1155 403 1208 Nonium
425 1169 513 1208 tamen
537 1170 662 1208 strumam
707 1154 811 1208 Deinde
823 1156 929 1208 sinistro
941 1157 1161 1221 intereuntem.
1173 1158 1218 1208 ln·

144 1233 390 1308 ¹apponat-'forn
409 1233 518 1288 Advere.
529 1235 575 1289 lib.
590 1237 664 1300 XXI,
707 1248 778 1306 tegra
803 1236 859 1287 bac
884 1236 1011 1288 sententia
1035 1247 1086 1296 eat,
1112 1235 1217 1288 sEttno

151 1333 210 1385 cop
223 1334 248 1368 t.
259 1314 360 1366 Deuc.
373 1345 413 1354 -
425 1314 460 1382 Q.
473 1315 593 1367 Ceruttm.
605 1314 664 1368 Noc
709 1315 830 1368 NONIus
843 1315 951 1368 Plitetor
960 1315 1042 1367 Ludos
1051 1315 1152 1366 Votivor
1159 1315 1216 1366 Pte-

152 1395 178 1448 οἱ
194 1411 347 1466 pronomen
364 1393 441 1447 MSS.
456 1407 590 1448 atterunt:
606 1396 663 1466 typi
707 1394 770 1446 beios
795 1395 863 1446 Fecit
882 1414 891 1446 :
911 1393 987 1447 Sacro
1008 1396 1126 1446 Victoriae
1151 1394 1218 1448 Fieri

152 1474 325 1526 sustulerunt.
341 1473 432 1526 Hrun·
692 1463 792 1526 'Edon
801 1473 922 1537 Narbone,
934 1473 1059 1525 Antonino
1067 1477 1168 1543 Sospite.
1174 1475 1217 1526 Se·

197 1569 242 1606 ιι.
260 1553 337 1621 Quem
350 1553 467 1604 consulem
485 1553 596 1606 vidimus.
614 1554 663 1606 Sn-
705 1566 779 1604 natus
786 1554 910 1606 Consulto.
925 1554 965 1605 Ito
981 1552 1104 1623 congruit
1115 1553 1218 1622 egregie

152 1633 254 1702 premia
277 1631 333 1684 iere
355 1631 458 1684 Tiberii
484 1633 662 1702 temporibus,
706 1632 801 1687 titulus
811 1651 873 1686 cnm
885 1633 998 1702 pictura.
1013 1634 1114 1685 Atcare
1123 1632 1219 1684 Nonia-

153 1731 215 1764 cnm
231 1712 262 1765 C.
277 1710 365 1764 cestio
376 1711 469 1775 Gallo,
483 1711 521 1764 M.
538 1711 665 1764 Servilios
705 1732 771 1765 num
781 1713 897 1782 aliquem
913 1713 941 1764 in
958 1713 1040 1764 altero
1054 1711 1102 1764 isto
1116 1711 1217 1765 numis-

114 1787 118 1793 ’
153 1791 195 1845 Μ,
205 1791 235 1843 F.
247 1790 331 1842 nutus
341 1791 478 1844 Nonianus
486 1793 665 1862 gessitconau·
706 1805 776 1845 mate
793 1787 938 1862 designari,
956 1789 1031 1862 quod
1049 1809 1082 1842 ex
1099 1808 1165 1842 auro
1180 1805 1220 1844 eet

153 1871 236 1922 letum
246 1864 330 1934 ,auno
343 1869 425 1923 Urbis
443 1873 511 1941 787,
527 1889 559 1923 ex
573 1870 663 1922 Fastis.
706 1869 778 1941 opud
788 1871 924 1923 Gurlaenm
937 1871 1066 1941 :ingente
1076 1867 1215 1922 Considio:

153 1950 207 2002 Hic
226 1947 406 2002 animadverte
429 1967 461 2002 ex
485 1949 665 2021 descriptione
706 1969 738 2004 ex
758 1963 868 2021 argento
881 1948 953 2021 opud
971 1949 1117 2012 Plotinum,
1131 1967 1157 2019 p.
1174 1952 1218 2015 80,
1247 1977 1252 1988 =

152 2030 255 2099 generis
269 2028 375 2081 Servilii
384 2029 508 2093 Noniani,
518 2030 586 2082 hanc
596 2030 660 2082 fuic-
706 2049 780 2083 num.
800 2035 825 2082 5.
850 2029 920 2081 Hinc
940 2027 1091 2098 habet-dete
1106 2029 1218 2082 Venerit

154 2127 182 2161 ee
194 2110 323 2161 rationem
335 2109 523 2178 cognominum
532 2107 603 2180 apud
615 2110 666 2160 tto·
708 2121 797 2179 myrto
809 2109 925 2161 cinctum
941 2121 1038 2181 caput3
1059 2108 1139 2160 lutere
1154 2105 1219 2160 dex-

153 2207 258 2250 manos,
276 2201 304 2240 ut
317 2186 465 2241 desinentia
481 2186 510 2240 in
524 2192 594 2240 ianus
604 2205 666 2242 con·
707 2201 764 2253 tro,
784 2208 809 2241 c.
823 2207 932 2241 conrrnr
946 2205 1065 2240 uorum
1077 2208 1083 2238 :
1097 2187 1219 2250 sinistro,

152 2268 240 2338 jugem
252 2267 294 2320 rel
306 2279 417 2319 matrem
426 2266 611 2337 significarent.
622 2267 666 2320 Sic
706 2266 741 2320 ad
753 2267 944 2333 imum,rn.1n
956 2268 1036 2321 altera
1045 2278 1137 2336 parte,
1150 2267 1219 2320 clau·

154 2348 227 2398 enim
242 2347 346 2400 Noniue
357 2358 471 2410 uenator,
483 2365 546 2400 arua
560 2348 666 2400 Servilii
706 2361 759 2400 etro
772 2361 836 2400 eunt
848 2348 951 2400 affabre
962 2348 1041 2410 fecte,
1052 2363 1113 2403 curu
1126 2359 1218 2414 portu,

154 2427 278 2494 Noniani,
290 2427 339 2479 tun
353 2447 360 2478 ε
374 2443 408 2477 en
419 2427 525 2479 ochema
540 2427 666 2499 generis:
707 2446 757 2498 qup
773 2439 845 2498 patet
860 2427 911 2480 iter
921 2425 953 2478 ad
967 2425 1095 2496 tempium
1108 2425 1134 2476 in
1149 2425 1217 2477 colle

292 2506 396 2558 Nonius
406 2507 526 2565 Struma,
707 2508 832 2577 positum¹
856 2507 888 2558 In
910 2505 970 2577 ipso
996 2505 1066 2558 colle
1090 2505 1217 2576 rcriptnm
1242 2561 1245 2573 Ι

414 2576 419 2654 Ι
708 2601 747 2640 eet
760 2606 842 2641 ruvo.
855 2584 927 2655 qood
940 2604 1003 2639 care
1019 2585 1140 2637 similiter
1153 2586 1220 2637 refe·

293 2666 398 2719 Nonius
411 2665 534 2731 Senator,
707 2686 750 2720 raa
772 2666 805 2719 ed
829 2667 962 2718 Venerem
983 2664 1133 2735 Erycinam.
1158 2665 1218 2715 Vox

406 2734 412 2813 Ι
708 2764 828 2800 torturi
847 2744 985 2806 admonet,
1009 2761 1095 2813 neque
1118 2743 1219 2815 ipram,

154 2824 258 2889 Nouia,
269 2827 369 2893 conjnx
381 2825 498 2888 Servilii,
509 2824 555 2895 qni
565 2824 667 2877 Nonio·
707 2844 795 2896 neque
809 2825 924 2895 priorem
937 2820 1063 2895 proinde,
1074 2840 1098 2875 c.
1109 2840 1220 2875 consrnt

175 2904 649 2975 nueexcoconjugionnminatureet.
707 2924 806 2959 nomen
829 2905 873 2957 hic
892 2922 955 2957 etse.
979 2902 1071 2973 Neque
1093 2903 1162 2954 enim
1189 2902 1217 2953 in

406 2980 412 3054 Ι
708 2985 826 3056 genitivo
841 3002 901 3037 casu
920 2983 1026 3035 nomina
1046 2982 1164 3034 virorum
1181 2983 1220 3033 lc·

155 3061 283 3116 Serriiine
293 3063 440 3129 Nonianus,
450 3062 532 3116 Nonii
541 3061 668 3115 cenatoria
709 3078 808 3137 guntur
827 3064 855 3117 in
871 3063 986 3115 nummis
1000 3061 1096 3113 latinio.
1111 3062 1145 3113 Et
1159 3079 1219 3131 qum

364 3162 457 3214 nepot.
583 3190 587 3200 ,
708 3146 737 3198 in
752 3145 766 3195 1
783 3144 821 3197 ihi
832 3142 970 3206 desinunt,
984 3139 1093 3211 legenda
1105 3152 1179 3203 eunt,
1192 3154 1222 3193 nt

154 3220 219 3273 Fuit
230 3240 263 3274 ex
276 3221 325 3275 hac
338 3235 417 3293 gente
430 3224 518 3275 Nonio
536 3223 596 3275 Sex.
613 3222 668 3274 No·
709 3225 832 3277 exeuntia
843 3224 870 3275 in
879 3227 924 3275 ius.
937 3222 981 3274 Sic
991 3237 1092 3273 runnu
1107 3222 1222 3273 Aurelius

154 3302 231 3366 nine,
246 3302 322 3371 cnjus
336 3315 376 3354 eat
389 3304 416 3355 in
432 3303 556 3354 thesauro
567 3289 666 3373 tegio}
708 3316 765 3356 eet:
789 3320 859 3355 creor
885 3301 997 3363 Cassius,
1018 3313 1045 3353 et
1068 3300 1106 3352 ric
1127 3313 1221 3353 cetera

155 3392 185 3433 et
196 3380 268 3450 epod
280 3380 367 3433 Potin.
383 3382 411 3434 in
427 3382 519 3433 Fannii.
534 3398 595 3450 pag.
616 3384 665 3443 88,
708 3383 807 3435 omnio.
821 3381 955 3435 Sententia
965 3379 1046 3451 igitur
1058 3380 1159 3449 integra
1169 3392 1221 3443 eet,

155 3478 233 3513 num.
249 3480 274 3521 r,
286 3479 412 3513 numurus
425 3472 572 3531 argenteus.
588 3461 620 3512 ln
632 3478 665 3517 eo
709 3463 856 3532 Capitolium
868 3459 1002 3515 Condidere
1019 3458 1133 3511 Narbone
1146 3460 1221 3511 Sena·

155 3540 311 3591 Antoninus
335 3541 405 3607 imp.
430 3541 526 3608 clypeo
553 3538 664 3595 insidet.
709 3554 786 3604 tores,
806 3542 898 3593 Iroretis
909 3542 1068 3591 Decurionurn
1082 3539 1219 3607 impensis:

156 3616 248 3673 dmm
267 3632 359 3672 tenens
375 3620 499 3671 bacillum
526 3618 665 3689 imperato·
710 3621 876 3673 Narbonenses
887 3620 1007 3689 Optavere
1020 3620 1112 3671 Nomen
1128 3619 1222 3686 Imponi

155 3697 227 3751 rium
238 3720 245 3749 ε
256 3718 271 3751 u
281 3710 355 3768 tergo
367 3699 484 3751 Victoria
499 3698 613 3769 palmam
627 3698 665 3751 ai·
709 3701 836 3753 ANtonini
853 3701 1012 3769 Imperatoris.
1028 3696 1130 3749 Deinde
1151 3714 1223 3749 nnnc

155 3778 240 3829 nistre
255 3791 339 3842 tenet;
357 3776 450 3832 dextra
465 3795 592 3830 coronam
609 3782 665 3829 An·
709 3780 903 3849 interpretare,
927 3777 1069 3831 Enmtttn
1106 3778 1219 3827 Romanis

155 3857 252 3909 tonino
262 3858 383 3927 imponit.
399 3860 488 3921 Infra,
507 3876 564 3909 eux.
586 3875 665 3913 unua.
711 3861 794 3911 Venor
810 3859 957 3929 Capitolina.
973 3855 1135 3927 Capitolium
1155 3856 1222 3907 Nar-

156 3936 191 3987 1n
205 3936 380 4001 ombitn,1›n.
397 3952 424 3990 t..
439 3958 465 3992 v.
482 3955 508 3989 r.
520 3956 544 3989 r.
562 3930 604 4003 .)Ι.
619 3938 666 3989 Ca·
709 3939 787 3991 bonae
807 3938 950 4000 exstitirse,
969 3955 1000 3989 ex
1018 3934 1133 3987 nummis
1149 3948 1175 3987 et
1191 3953 1222 3987 ox

157 4028 208 4086 put
228 4028 333 4069 cenatur
352 4017 514 4078 increatum,
531 4016 604 4067 vultu
625 4034 665 4069 oe·
708 4018 840 4071 hirtoricia
862 4015 1026 4071 ostendimus
1051 4014 1079 4065 in
1107 4015 1222 4067 nummis

158 4095 222 4156 nili,
233 4112 295 4147 cnm
306 4096 437 4150 litterius.
449 4096 480 4149 C.
492 4109 563 4149 retro
569 4094 666 4149 adscri-
710 4098 873 4167 populorum
888 4108 914 4149 et
926 4096 1047 4148 urbium.
1058 4093 1147 4145 Hrnn.

158 4174 225 4243 ptie;
238 4186 265 4227 et
280 4188 398 4244 meptro,
412 4176 507 4245 insigni
519 4175 663 4247 potestatis.
756 4197 800 4230 ra.
815 4176 953 4229 Sestertium
965 4177 1054 4244 uiginti
1065 4174 1176 4227 mittitur.
1192 4172 1223 4224 ln
