3100 5125
363 472 406 543 82
632 476 671 543 C.
699 475 869 545 PLINII
894 476 1004 544 Nat.
1029 475 1155 569 msa.

360 628 458 701 quaen
477 604 640 697 simillime
659 606 794 676 reddat:
813 607 1061 702 visumqueJam
1081 622 1133 677 est
1149 596 1307 679 Neronis⁵
1329 613 1422 705 prin-

361 712 440 807 cipis
467 711 661 808 spectaculis
681 737 813 783 arenam
837 717 926 785 Circi
950 713 1157 809 chrysocolla
1173 718 1291 802 sterni,
1315 742 1422 810 quum

327 820 429 913 ²'ipse
440 817 611 897 concolori
628 843 739 915 panno
758 822 967 914 aurigaturus
986 835 1080 891 esset
1102 820 1243 891 Indocta
1262 822 1423 916 opificum
1442 827 1448 835 ’

360 910 479 993 turba⁶
497 925 606 995 tribus
629 950 700 995 eam
727 927 903 1020 generibus
925 926 1097 1021 distinguit
1122 952 1130 993 ε
1153 951 1328 1022 asperam,
1346 954 1423 1024 quae

358 1044 491 1101 taxatur
520 1032 555 1099 in
581 1030 679 1101 libras
710 1032 854 1103 denariis
876 1032 961 1102 vu’:
986 1032 1147 1118 mediam,
1177 1057 1251 1127 quae
1278 1033 1422 1105 denariis
1455 1050 1459 1061 '

358 1138 489 1231 quinis:
508 1138 671 1224 attritam,
687 1162 787 1231 quam
802 1153 835 1207 et
845 1138 1042 1209 herbaceam
1061 1151 1199 1226 vocant,
1218 1164 1290 1234 quae
1301 1166 1336 1211 x.
1351 1128 1420 1211 111⁸.

357 1242 539 1313 Sublinunt
563 1257 673 1313 autem
697 1268 891 1331 arenosam,
909 1246 1104 1339 ,priusquam
1132 1244 1307 1334 inducant,
1327 1261 1419 1317 atra·

355 1362 484 1435 mento,
509 1362 543 1417 et
567 1338 759 1443 paraetonio.
783 1349 881 1419 Haec⁹
902 1366 983 1432 ,sunt
1009 1351 1136 1420 muscia
1162 1349 1233 1443 ejus
1258 1367 1292 1421 et
1316 1352 1421 1423 colori

357 1454 487 1525 blanda.
508 1456 727 1525 Paraetonium
737 1454 772 1542 ¹⁰,
786 1458 943 1550 quoniam
957 1470 1006 1527 est
1022 1471 1141 1525 natura
1154 1458 1420 1551 pinguissimam,

354 1680 426 1717 nunc
449 1661 599 1716 obsolevit:
619 1673 646 1719 et
663 1661 690 1713 in
708 1661 797 1714 locum
809 1663 865 1733 ejus
909 1660 1107 1732 corruptissime
1124 1678 1130 1712 :
1149 1686 1159 1707 ι
1176 1680 1259 1733 quum
1279 1662 1336 1732 ipse
1355 1680 1421 1715 coo-

354 1742 462 1813 irrepsit
488 1741 619 1793 Azanium
645 1740 864 1804 ultramarinum,
909 1742 993 1793 colori
1008 1741 1420 1811 pannoaurigstnrusesset,in·

240 1878 244 1886 ¹
355 1818 591 1891 l'outremer,quod
609 1820 866 1873 etrsnsmarinislo-
907 1818 1029 1874 uodncta
1056 1820 1183 1891 opificum
1210 1821 1298 1875 turba.
1318 1822 1419 1875 tussa

354 1900 517 1963 maestus,
525 1900 706 1971 plerumquee
717 1899 819 1970 Cypro.
827 1901 862 1953 tt.
909 1918 976 1964 eam,
986 1912 1053 1953 eto·
1066 1900 1158 1955 Monet
1169 1900 1318 1972 Dsleeamp.
1328 1900 1356 1952 in
1366 1920 1417 1955 suo

355 2002 395 2023 -’-
409 1980 520 2035 Cohrsm
534 1983 559 2033 iu
578 1980 650 2031 herbo
667 1983 761 2049 segetis.
772 1979 865 2032 Talem
909 1991 1012 2033 vetusto
1029 1977 1120 2032 codice
1138 1979 1189 2050 legi
1208 1980 1324 2030 indocta.-
1340 1992 1419 2051 atque

355 2060 473 2113 colorem
486 2059 591 2130 egregie
602 2054 691 2111 reddit
703 2058 815 2110 orobitis
825 2058 867 2111 si·
909 2059 945 2112 ita
958 2077 1020 2111 sane
1031 2058 1149 2111 Colhert.
1164 2058 1190 2111 3.
1203 2060 1238 2110 tr
1247 2059 1291 2112 ille
1308 2061 1371 2130 aeg.
1389 2082 1415 2121 a,

355 2138 459 2205 amsisq
475 2151 505 2191 ut
516 2136 606 2193 ridere
613 2137 684 2191 ertio
697 2138 799 2207 pictura
808 2156 867 2209 qnia
909 2139 1014 2190 Macte.
1032 2138 1140 2209 Nosque
1154 2137 1241 2191 verbis
1259 2139 1292 2191 iis
1305 2158 1321 2191 a
1339 2158 1419 2211 supe·

357 2236 437 2289 penes
449 2230 556 2271 saecat.
568 2218 649 2270 Hunc
666 2216 784 2270 colorem
803 2216 867 2271 diri·
909 2218 980 2270 riore
998 2218 1127 2270 sententia
1150 2214 1273 2283 divolsis,
1292 2236 1353 2272 com
1376 2238 1419 2273 sc·

357 2317 432 2363 mus,
445 2297 468 2349 le
480 2296 704 2349 oertd'dmeroude.
715 2298 798 2350 Baor.
910 2309 1010 2367 quante
1029 2315 1060 2349 ea
1075 2296 1282 2350 connexuimus:
1300 2311 1329 2350 ut
1342 2310 1420 2370 puta·

400 2380 427 2429 5.
448 2376 560 2429 Namara.
582 2376 668 2429 Etiam
691 2388 717 2429 et
742 2376 868 2447 Caligulae
909 2395 980 2439 mus,
990 2387 1060 2445 apte.
1074 2377 1118 2431 sic
1129 2376 1200 2429 eninr
1213 2378 1271 2447 pari
1283 2377 1368 2430 forma
1380 2376 1420 2429 lo-

357 2456 523 2527 prinoipatu,
545 2456 629 2509 minio
650 2468 676 2509 et
701 2456 867 2525 chrysocolla
910 2454 1009 2527 queodi
1020 2455 1122 2508 Plinius
1134 2468 1211 2509 antea
1229 2475 1291 2511 usus
1309 2458 1420 2523 XXXI,

357 2534 467 2590 Circum
487 2546 647 2589 constratum
672 2534 766 2600 luisse,
786 2536 869 2590 Tran-
910 2548 1038 2600 extremo,
1048 2554 1106 2606 cap.
1121 2536 1170 2590 ult.
1181 2536 1228 2588 ubi
1236 2534 1271 2589 de
1281 2537 1417 2610 spongiis:

357 2616 456 2686 quillus
479 2627 517 2670 eu
548 2629 639 2670 auctor
662 2614 690 2668 in
715 2616 771 2685 ejus
794 2617 865 2679 rita,
913 2614 1035 2670 «Medici
1054 2615 1156 2670 inscitia
1177 2615 1212 2668 ad
1233 2614 1288 2670 duo
1308 2617 1420 2670 nomios

359 2713 382 2748 c.
395 2712 477 2750 astar.
491 2695 627 2748 Hsao.-·-
639 2694 868 2764 Cloysorollosrsr·
900 2695 1104 2767 -easredegere,
1118 2709 1167 2748 etc.
1178 2722 1189 2742 ι
1207 2696 1298 2750 Harsa.

358 2779 393 2826 ω’.
413 2775 493 2828 Juxta
518 2773 558 2825 Cl.
578 2773 869 2842 Tugion'l'oaaam,
952 2794 979 2845 7.
990 2775 1104 2832 Denarir's
1116 2776 1179 2828 VII.
1191 2776 1233 2845 Sic
1241 2777 1306 2846 ch.
1321 2793 1347 2839 s,
1360 2774 1419 2828 sine

361 2855 463 2922 Vmggr.
475 2853 591 2916 tom.11,
606 2869 664 2922 paq.
678 2851 725 2919 39,
736 2852 782 2904 ills
793 2854 869 2926 chry·
912 2855 973 2908 ullis
994 2867 1118 2908 notarum
1136 2855 1311 2926 compendiis.
1334 2856 1366 2907 ln
1384 2855 1420 2906 li·

360 2934 458 2992 aoeolla
472 2933 554 2998 esula
569 2934 617 2984 tale
631 2933 726 2984 corshru
739 2933 867 2988 d'or.Bn.
911 2935 967 2986 bris
989 2934 1116 2988 hacteuus
1139 2934 1217 2988 editis
1242 2933 1420 3006 pretermissa

360 3042 400 3061 .-
420 3013 480 3072 Una
499 3011 587 3066 forsan
597 3013 633 3063 'sex
645 3011 677 3064 iis
690 3031 754 3082 quas
764 3014 869 3068 silicata
912 3033 962 3066 vox
972 3033 1004 3066 ea
1015 3014 1120 3066 denariis
1133 3027 1181 3068 est.
1195 3013 1263 3068 Sunt
1275 3032 1357 3083 porro
1370 3011 1419 3066 de-

360 3098 478 3164 ao'mpase's
491 3105 619 3146 nostrates
639 3089 749 3154 vocant,
772 3103 878 3168 nempe·
911 3094 979 3146 narii
993 3107 1095 3166 septa·
1110 3105 1225 3151 monetas
1241 3094 1357 3164 gallicas,
1376 3111 1418 3146 as·

360 3177 437 3236 πιέσω,-
450 3171 548 3242 vulgo,
561 3190 590 3222 or
602 3171 632 3222 da
644 3172 708 3223 etat.
723 3173 773 3224 Eo.
910 3191 950 3228 ses
963 3173 1024 3226 aerei
1037 3193 1081 3226 sex
1095 3185 1122 3226 et
1134 3173 1320 3245 quinquageni.
1331 3173 1420 3226 Dena-

400 3257 428 3308 6.
445 3251 587 3306 introducta
602 3249 711 3322 opificum
732 3245 803 3304 turbo¹
819 3249 867 3315 (sic
910 3253 943 3306 rii
956 3256 1088 3324 quinque,
1103 3272 1171 3307 asses
1183 3252 1366 3324 quadraginta·
1381 3254 1417 3305 H.

333 3367 336 3374 .
359 3321 454 3404 prius).
469 3329 550 3398 Quod
569 3332 608 3383 ibi
630 3332 764 3402 negotium
788 3333 868 3387 iirerst
909 3332 1091 3386 -Denarius
1109 3334 1162 3386 fuit
1183 3345 1295 3386 monetas
1316 3333 1417 3403 pllio:

358 3411 499 3483 opificibus
516 3409 683 3473 introductis,
708 3409 865 3466 ridendum.
909 3411 1056 3466 assium15
1078 3410 1119 3477 sla
1143 3425 1170 3464 et
1192 3413 1272 3483 paulo
1291 3411 1417 3482 asnplius.

359 3489 865 3546 Exreteribuslihrishauddubiescrih.
889 3492 991 3544 -B's‘son

358 3583 439 3642 puto:
454 3598 466 3621 ι
476 3569 586 3627 Indoota
593 3588 619 3622 o.
628 3571 706 3623 turba
716 3571 801 3626 tribus
806 3591 864 3626 eam
949 3573 974 3624 8.
992 3570 1097 3640 QuoeX.
1105 3571 1156 3623 111.
1166 3571 1225 3623 Hoc
1237 3583 1292 3636 est,
1302 3567 1419 3625 denariis

357 3651 498 3722 passibus
521 3649 668 3720 distinguit.
685 3675 695 3696 ι
713 3649 770 3703 Etsi
793 3651 865 3705 haud
909 3651 1001 3704 tribus.
1027 3650 1134 3704 Gallicae
1158 3662 1284 3716 monetae,
1315 3649 1417 3703 assibus

355 3731 476 3802 iquorem
507 3729 638 3800 eleganter
668 3747 778 3802 quoque
812 3730 865 3789 dici
907 3743 1058 3800 quatuoret
1071 3729 1178 3782 vicenis.
1191 3728 1282 3782 Hsao.

355 3829 446 3880 posse,
463 3809 532 3861 turba
549 3809 708 3878 distinguunt.
726 3808 779 3862 Sed
798 3829 866 3880 prae-
949 3829 978 3877 9.
989 3808 1061 3861 Hoec.
1071 3810 1135 3862 Haec
1150 3808 1253 3861 facilius
1263 3809 1417 3882 dtrysouol-

354 3890 425 3947 valet
438 3889 515 3942 Voss.
535 3889 597 3942 libri
620 3889 767 3942 auctoritas.
790 3888 864 3943 Idem
907 3887 940 3942 las
951 3906 1067 3942 uenosae
1078 3889 1223 3959 illigantur.
1237 3887 1325 3940 Hsan.

354 3969 409 4024 fare
419 3969 509 4024 *roloit
520 3969 668 4022 Pintianus.
682 3967 812 4030 ssaoaor.
823 4001 862 4013 -
951 3986 993 4021 ro.
1006 3969 1183 4034 Paraetoniam,
1198 3970 1309 4040 quoniam
1322 3979 1359 4018 est
1370 3986 1417 4018 rra-

312 4075 314 4078 ·
353 4049 463 4102 indocta.
488 4047 613 4103 Totidem
639 4047 717 4118 plane
741 4047 862 4119 apicibus
908 4058 962 4100 tura
974 4051 1166 4119 pinguissimum.
1193 4073 1204 4094 ι
1219 4046 1415 4112 Paraetonium,

350 4129 511 4200 syllabisque
531 4129 596 4197 lleg.
621 4127 712 4183 acod.
732 4128 763 4180 In
784 4127 862 4183 aditis
906 4125 993 4198 inquit
1011 4126 1084 4180 idem
1104 4128 1153 4182 lib.
1170 4127 1287 4191 XXXV,
1304 4142 1364 4198 cip.
1386 4130 1415 4192 (i,
