3100 5125
381 537 450 610 580
650 541 689 606 C.
716 535 884 604 PLlNll
909 533 1016 603 NAT.
1043 537 1169 605 HlST.

378 675 413 742 in
428 672 497 742 ω’·
506 695 580 766 quae
594 671 689 763 juxta
702 693 866 763 gemmam
881 669 1034 763 topazion
1051 668 1152 755 ferat,
1170 667 1441 762 cubitalemque¹¹

378 779 532 848 effossam
551 801 572 844 a
592 775 781 869 Pythagora
799 773 966 844 Ptolemaei
981 776 1066 869 regis
1080 773 1247 869 praefecto.
1266 773 1442 844 Cornelius

378 884 530 953 bocchus
543 896 579 950 et
589 883 623 948 in
637 878 837 949 Lusitania¹²
848 882 938 948 irasci
955 904 1115 974 perquam
1127 879 1268 949 mirandi
1284 879 1441 975 ponderis

378 988 630 1057 Ammaenaibus
645 972 779 1080 jugis¹³‚
809 985 970 1081 depressis
992 985 1034 1054 ad
1058 984 1292 1055 libramentum
1304 975 1328 1018 ¹⁴
1348 1009 1442 1079 aquo
1502 1078 1506 1084 ι

346 1133 360 1166 2
380 1096 497 1188 puteis,
511 1094 635 1161 Mirum
651 1107 686 1160 et
702 1092 793 1185 quod
807 1094 1012 1160 Xenocrates
1030 1091 1131 1160 tradit
1144 1091 1320 1186 Ephesius,
1331 1105 1441 1161 aratro

377 1202 411 1267 in
418 1201 493 1268 Asia
505 1212 538 1267 et
552 1203 665 1292 Cypro
677 1198 822 1266 excitari.
837 1196 915 1265 Nou
926 1199 1014 1265 enim
1029 1198 1168 1266 inveniri
1181 1200 1215 1266 iu
1227 1211 1373 1284 terreno,
1381 1223 1441 1266 nec

377 1306 662 1396 mai-iutercautes
678 1303 839 1372 cruditum
855 1289 1005 1371 fucrat¹⁵.
1023 1301 1167 1372 Similius
1177 1328 1258 1373 vero
1268 1317 1337 1390 est,
1352 1303 1440 1396 quod

419 1498 461 1531 ro.
477 1479 514 1530 Et
528 1480 554 1530 io
571 1498 608 1529 ea.
626 1479 666 1530 De
678 1476 728 1529 bac
743 1476 829 1528 incula
843 1474 886 1528 di·
930 1475 1172 1547 Amuemibusjugis.
1184 1478 1327 1531 Salmasius
1337 1477 1364 1530 in
1379 1478 1442 1531 Soli·

376 1572 449 1612 ctum
462 1569 502 1610 eat
518 1556 566 1608 lib.
581 1557 635 1618 vl,
651 1573 711 1625 cap.
727 1555 775 1617 tt.
796 1555 830 1606 Η.
846 1587 886 1597 -
929 1573 1009 1619 num,
1019 1573 1080 1626 pag.
1090 1557 1309 1626 407,Luuemibus
1313 1560 1384 1627 jugis
1392 1558 1440 1628 legi

378 1639 441 1706 Quo
454 1638 529 1705 jueta
547 1654 664 1704 minere
684 1638 798 1704 topezebu
812 1635 885 1698 serat.
930 1634 1088 1702 conjiciebat
1098 1653 1187 1705 poree,
1200 1638 1325 1707 quoniam
1335 1636 1441 1706 ,credo,

375 1715 423 1768 liat
437 1715 522 1768 incula
537 1714 673 1784 Topma,
691 1731 764 1766 nunc
783 1713 887 1764 Zemar-
931 1713 1033 1773 mirae
1043 1714 1094 1784 ὄρος
1103 1716 1184 1768 Lunae
1190 1717 1440 1786 promontoriumin

374 1807 444 1864 gete,
457 1791 530 1847 baud
543 1793 636 1862 procul
651 1804 731 1862 portu
746 1791 821 1844 urbia
838 1791 887 1844 Be·
930 1792 1062 1844 Lusitania
1089 1794 1245 1847 Ptolemaeus
1270 1795 1438 1866 agnoverit:

375 1874 492 1937 reuicec,
506 1890 578 1924 nuuc
597 1871 701 1924 cessate.
715 1870 828 1923 Gemma
846 1883 886 1922 to·
930 1870 991 1924 tatia
1022 1870 1116 1925 audaci
1147 1876 1306 1944 conjectura.
1340 1875 1441 1947 adjicit

375 1953 479 2024 panico,
494 1951 519 2002 le
533 1961 626 2021 topace.
641 1951 726 2002 Broc.
931 1949 1018 2014 idem,
1031 1970 1108 2021 poree
1119 1953 1198 2005 ecribi
1208 1954 1356 2018 Artemidos,
1369 1969 1399 2007 nt
1408 1954 1440 2007 de

419 2050 464 2085 tr.
474 2030 662 2101 cubitalemque.
671 2028 841 2099 Cryatalluua.
851 2027 886 2082 11.
929 2029 997 2100 jugie
1007 2030 1178 2101 intelligatur,
1191 2031 1261 2086 uude
1274 2035 1334 2085 Ana
1347 2033 1440 2087 fluviae

375 2143 415 2153 -
426 2110 512 2164 Nobia
523 2109 609 2162 multo
622 2110 707 2179 major
719 2121 758 2161 eat
770 2108 886 2180 crystalli
930 2109 1027 2173 oritur,
1040 2108 1152 2180 perinde
1169 2112 1244 2182 quari
1261 2112 1290 2164 in
1308 2113 1440 2166 Lusitania

375 2191 451 2259 eupit
463 2201 490 2241 et
501 2187 657 2260 magnitudo
668 2205 748 2258 quam
761 2188 885 2259 antiquie.
929 2187 959 2251 ia,
969 2207 1022 2240 uon
1030 2188 1058 2254 iu
1068 2189 1193 2260 Hispania
1203 2191 1327 2244 citeriore
1333 2195 1440 2257 oriatur,

376 2269 461 2322 Bm,
930 2279 960 2319 ut
973 2265 1088 2320 diximus
1096 2269 1143 2322 lib.
1154 2271 1210 2335 lll,
1225 2289 1282 2340 cap.
1298 2291 1325 2336 a,
1335 2291 1363 2342 p.
1376 2275 1437 2328 stt.

420 2366 463 2400 aa.
485 2346 610 2399 Cor-aelius
621 2345 730 2398 Bocchus
739 2357 763 2396 et
776 2349 802 2397 lo
817 2345 887 2398 Lusi·
930 2345 1103 2405 dormientes.
1129 2349 1184 2402 aive
1214 2351 1386 2404 Ammaenaea
1413 2353 1438 2405 in

376 2431 455 2491 tonia,
463 2438 513 2480 etc.
521 2423 637 2496 Legend.
647 2451 659 2473 e
671 2424 811 2478 Corneliua
821 2424 887 2478 Boc·
930 2425 1063 2480 Lusitania
1080 2428 1195 2496 populos
1212 2429 1338 2482 novimus
1351 2433 1439 2502 appel·

375 2506 441 2559 cbue
451 2519 478 2558 et
489 2505 518 2558 in
530 2504 666 2559 Lucitania
675 2504 746 2557 uacci
758 2519 885 2577 perquam
929 2503 1007 2567 latua,
1028 2505 1077 2559 lib.
1093 2507 1143 2570 lv,
1155 2525 1214 2579 cap.
1234 2507 1281 2562 3⁵.
1297 2509 1368 2565 lliuc
1379 2514 1438 2583 juga

376 2584 493 2639 mirandi
516 2584 645 2656 ponderis
666 2585 694 2636 in
720 2584 887 2637 Lunensibus
930 2582 1109 2639 Ammaeueia.
1127 2585 1162 2641 11.
1183 2618 1223 2628 -
1248 2590 1438 2643 Ammaeeer'ler.

374 2666 459 2737 jugia,
479 2677 530 2718 etc.
547 2690 559 2710 ι
576 2665 659 2716 Lunae
674 2664 885 2733 promontorium
929 2665 1092 2717 Ammiantee
1103 2667 1196 2737 populi
1210 2665 1335 2722 videntur
1346 2670 1438 2736 luiaae,

376 2746 404 2795 in
430 2742 565 2796 Luaitania
580 2764 586 2794 ε
603 2769 615 2791 ι
632 2741 769 2813 depreaeoc
792 2754 886 2813 puteos
929 2743 976 2795 ubi
1002 2744 1179 2815 municipium
1207 2749 1345 2815 Ammaia,
1370 2769 1438 2803 nnnc

376 2822 409 2876 ad
419 2823 606 2876 libramentum
616 2839 689 2891 aque
703 2846 730 2884 ι,
741 2820 775 2875 ad
785 2820 887 2873 libran·
929 2821 1079 2895 Portalegn.
1095 2826 1178 2878 Baton.

375 2901 438 2956 dam
469 2920 563 2972 aquam
591 2899 729 2972 depreaeoe
760 2900 884 2972 intellige.
973 2908 1015 2965 ri.
1042 2904 1089 2957 Ad
1108 2906 1281 2961 libramentum.
1302 2908 1438 2973 Quantum

375 2980 440 3052 Legi
453 2981 532 3034 etiarn
545 2992 650 3052 postet,
663 2980 799 3032 Ancaeum
809 2982 886 3049 jugr's,
928 2980 1047 3036 effodere
1061 3002 1135 3054 aqua
1148 2986 1377 3055 permittunt,non
1389 3006 1439 3043 aca-

375 3072 407 3113 ut
424 3058 460 3113 de
476 3058 546 3130 jugie
568 3058 713 3129 intelligat,
733 3057 805 3111 uude
828 3064 885 3113 Ana
930 3060 1064 3115 turieutea.
1082 3062 1182 3115 Eodem
1198 3064 1326 3136 loquendi
1346 3084 1438 3138 genem

376 3138 474 3193 fluviua
489 3139 584 3191 oritur.
606 3138 691 3191 Sacra.
703 3167 744 3178 —
760 3137 886 3191 Comellru
928 3158 991 3191 neue
1006 3152 1044 3193 cet
1059 3154 1086 3195 et
1097 3160 1120 3196 c.
1139 3162 1155 3211 9
1171 3157 1304 3214 sequente.
1319 3147 1389 3199 Dan.
1401 3178 1439 3193 -

376 3218 492 3271 Bocclur.
506 3216 644 3270 Laudatur
658 3217 702 3269 bic
715 3234 776 3268 cane
795 3218 822 3269 iu
840 3218 885 3269 ln·
929 3218 975 3271 Ad
988 3218 1152 3273 libramentum
1165 3242 1244 3294 equo.
1256 3226 1312 3276 Ubi
1332 3225 1438 3279 fodiun-

375 3294 435 3351 dioe
444 3298 523 3367 hujus
531 3296 592 3349 libri
602 3336 610 3363 ,
620 3314 651 3349 ex
662 3296 739 3349 MSS.
750 3296 883 3349 omnibus.
929 3309 973 3349 tur
981 3299 1086 3351 acrobea
1098 3319 1143 3353 eeu
1157 3303 1231 3371 putei
1243 3302 1276 3355 ad
1288 3302 1437 3359 ducendam

375 3374 434 3429 Hoc
447 3376 507 3429 loco
529 3387 618 3428 tamen
638 3374 745 3446 quidam
765 3373 885 3441 codices,
908 3432 912 3443 ⁴
929 3394 960 3429 ex
975 3377 1132 3433 libramento
1142 3397 1247 3451 aquam.
1259 3382 1300 3435 De
1311 3383 1362 3435 bac
1376 3404 1437 3439 voce

375 3472 430 3507 non
450 3454 571 3519 Bootes,
595 3453 642 3507 aed
662 3455 744 3525 Nepos
760 3454 883 3508 babent:
928 3454 1042 3509 diximm
1057 3458 1102 3511 lib.
1117 3460 1226 3525 ml,
1241 3478 1301 3531 cap.
1319 3464 1367 3516 31.
1384 3465 1417 3517 ll.

375 3532 510 3587 mendosa.
524 3534 593 3586 Nam
602 3546 629 3586 et
638 3546 745 3588 vetustae
754 3532 886 3588 editionea
972 3536 1017 3589 1⁵.
1031 3537 1083 3590 Nec
1096 3542 1143 3589 niel
1156 3543 1219 3591 ieter
1233 3552 1314 3592 cautes
1325 3543 1437 3595 anetem

375 3612 711 3685 Boccbusbabentzatipee
722 3611 884 3667 Pliniuehoc
922 3613 1014 3680 suerat.
1039 3617 1118 3669 Certe
1139 3618 1221 3689 vulgo
1239 3619 1310 3671 inter
1333 3635 1436 3687 cantet,

373 3694 461 3764 ipsum
476 3704 598 3764 repetens
615 3691 737 3755 inferius,
752 3709 811 3763 cap.
827 3693 882 3755 tt:
928 3694 1056 3766 lepreon,
1070 3696 1205 3750 invenitur
1218 3699 1370 3771 metallan
1392 3700 1436 3754 ced

375 3794 386 3815 ι
399 3771 748 3841 Boccbue.iuquit,auetor
758 3783 849 3831 est‚at
857 3771 884 3823 in
928 3784 953 3826 et
974 3773 1038 3828 alibi
1062 3775 1178 3829 iuventa.
1203 3777 1304 3849 lliaquc
1330 3781 1438 3850 nuperis

373 3850 636 3922 lliepaniarepertaa.
649 3868 706 3921 quo
716 3848 744 3902 iu
756 3850 816 3903 loco
827 3868 885 3922 cry·
928 3853 1101 3917 anuis,navic
1111 3856 1220 3926 gallica,
1240 3876 1301 3929 quo
1316 3878 1347 3911 ex
1363 3858 1437 3912 ludia

372 3931 479 3983 etallum
492 3927 556 3982 dicit
564 3927 599 3983 ad
611 3929 797 3982 libramentum
808 3946 884 4000 aqua
927 3934 1119 3999 revertebatur,
1132 3954 1215 4006 quum
1228 3950 1348 3991 vectorea
1360 3956 1437 4011 aqua·

373 4009 460 4078 putcia
472 4008 582 4062 deloeeie
594 4006 658 4060 inde
672 4021 785 4062 erutam.
800 4032 811 4055 ι
829 4008 863 4063 Η.
928 4022 985 4063 tum
1003 4009 1198 4067 deacendieaent
1213 4016 1241 4067 in
1255 4016 1369 4069 insulam
1382 4019 1438 4070 Ma·

416 4087 656 4142 13.Ammeeeeibas
664 4089 742 4157 jugis.
758 4088 791 4139 la
806 4088 884 4143 MSS.
927 4089 1057 4159 degeam,
1070 4093 1438 4151 unuelortecavernamaub-
1548 4138 1549 4157 2

372 4166 438 4237 lleg.
452 4180 524 4231 a,et
537 4167 614 4221 colb.
629 4164 661 4229 3,
677 4166 843 4233 domnellus,
857 4181 883 4223 ct
928 4168 975 4234 tit,
997 4188 1052 4241 quo
1076 4171 1276 4242 aplendentibue
1303 4176 1438 4247 particulis
