3100 5125
369 555 445 640 ιιι
519 517 536 559 “’
604 553 644 621 c
672 549 842 619 ιιιιιιι
868 548 978 618 nir.
1008 551 1136 618 ursr.

364 687 540 784 palliorum
586 683 715 753 tesseris
748 683 907 751 intextum
951 705 1072 751 nomen
1111 705 1205 750 suum
1246 687 1429 760 ostentarit

362 799 481 865 Postea
505 791 631 860 donare
651 812 752 883 opera
770 811 829 856 sua
854 787 1017 874 instituit,
1042 785 1130 924 quod
1159 811 1197 856 ea
1228 775 1319 858 nullo
1351 793 1430 859 satis

362 901 464 996 digno
495 898 599 992 pretio
632 893 811 1023 permutari
841 917 937 988 posse
964 880 1142 1023 dicqret¹⁴,
1175 896 1270 964 sicuti
1304 893 1430 965 Alcme

362 1031 439 1074 num
455 985 729 1121 Agragantinisffi
744 1002 833 1068 Pana
849 985 1042 1069 Archelao¹⁶
1044 947 1156 1068 .Fecit
1171 1013 1204 1067 et
1218 998 1423 1095 Penelopen,

361 1114 395 1179 in
419 1134 486 1204 qun
512 1108 655 1202 pinxisse
674 1102 799 1174 mores¹
802 1103 983 1188 ⁷iidetur3
1015 1121 1048 1174 et
1066 1102 1246 1174 athletam:
1275 1105 1426 1202 adeoque

360 1249 515 1304 ostentatori
527 1247 680 1320 pecunioso.
701 1247 793 1317 Neque
809 1246 872 1300 hine
915 1247 1004 1300 Leone
1021 1247 1081 1299 lV:
1107 1273 1119 1295 ι
1139 1247 1226 1318 Atque
1242 1265 1323 1322 super
1339 1248 1428 1322 ipsum

359 1331 503 1386 abhorrere
514 1341 607 1379 tessere
618 1326 778 1380 vocabulum
789 1325 871 1378 Iusti·
915 1327 996 1379 altars
1015 1325 1078 1378 ie'cit
1099 1337 1197 1379 restem
1225 1345 1291 1380 suro
1312 1341 1429 1397 tertam,

361 1429 411 1464 nus
423 1407 502 1462 docet
512 1407 560 1460 lib.
572 1407 632 1458 111:
648 1431 659 1452 ι
675 1405 712 1458 Ut
720 1423 775 1462 uon
790 1402 823 1456 de
834 1423 871 1458 sa·
915 1403 1034 1472 candidis
1052 1418 1197 1476 pestutum
1214 1407 1363 1478 margaritis
1374 1407 1428 1462 tut-

360 1488 432 1554 lute,
443 1479 489 1542 sed
500 1485 533 1540 de
547 1485 680 1556 sepultura
691 1483 811 1548 solliciti,
821 1496 871 1537 tes·
914 1498 1037 1556 gentem,
1053 1497 1078 1537 et
1099 1485 1125 1538 in
1148 1484 1240 1539 dextra
1259 1487 1378 1559 laevaque
1393 1500 1429 1540 ta·

361 1587 431 1622 seras
442 1565 582 1636 insculptis
596 1563 688 1616 suiset
703 1575 807 1633 patrum
821 1581 871 1616 no·
914 1563 989 1617 bulas
998 1564 1373 1636 gemmataslrabentem,enm
1383 1585 1429 1620 au-

360 1643 578 1700 minibusdextro
587 1643 696 1696 brachio
705 1640 867 1714 deligarent·
914 1645 1020 1714 reisper
1028 1644 1167 1696 circuitum
1178 1644 1306 1698 orbiculis
1308 1645 1428 1718 ,quibus

361 1739 392 1781 ιιι
420 1726 442 1779 si
467 1743 559 1778 omnes
585 1719 725 1775 adversum
749 1722 872 1813 pralium
915 1723 1018 1794 insigne
1031 1723 1114 1794 ipsius
1130 1724 1248 1794 praesulis
1267 1742 1366 1777 nornen
1387 1738 1428 1778 est

342 1803 578 1886 ,ωιιιιιιιριίιιει,
600 1814 627 1854 et
643 1800 772 1871 temporis
785 1800 871 1871 spatio
914 1799 1116 1873 descriptum·
1140 1803 1184 1856 Sie
1202 1804 1318 1857 vestibus
1346 1805 1428 1858 saeris

359 1873 469 1940 sontu's·
490 1899 633 1954 corporum
651 1879 811 1933 lineamenta
832 1899 872 1934 es·
914 1880 1427 1953 hodiequegentilitiastesserasintextas

360 1978 436 2028 seut,
447 1960 587 2018 esindiein
600 1958 740 2014 titulorum
754 1957 871 2012 tradite·
913 1960 1055 2014 cernimus.
1085 1959 1157 2015 ste'
1149 1981 1177 2015 m
1198 1962 1285 2033 palliis
1305 1962 1425 2033 equiturn

359 2045 475 2116 pultum
501 2051 653 2113 possent.
641 2037 849 2110 s'Polyaenus
842 2058 870 2092 m
914 2051 1115 2111 torquatorum,
1140 2053 1242 2094 textum
1252 2059 1333 2114 opere
1342 2041 1426 2112 phry-

360 2122 451 2178 esdem
465 2140 508 2184 re,
521 2121 569 2174 lib.
581 2118 738 2189 [Strateg.'
727 2114 807 2170 tradi
823 2119 869 2170 tet
914 2120 958 2191 gio
978 2118 1080 2172 ordinis
1102 2120 1141 2173 sui
1163 2117 1271 2192 insigne.
1290 2119 1323 2171 ll.
1341 2153 1380 2164 -
1394 2122 1425 2174 Ιιι

361 2223 409 2257 rus
422 2201 588 2256 ιιιιιιιιιιιι
593 2198 870 2268 ιῶιιιιιρῶιάιαιρίσιι
911 2199 1041 2270 palliorum
1057 2203 1157 2252 tesseris
1173 2201 1257 2252 Aliter
1269 2199 1424 2271 Raphaelin

359 2202 603 2353 popilsrroiaasdi.
612 2271 870 2338 iniritsassraiidar
915 2279 1010 2332 tabulis
1026 2278 1080 2332 suis
1087 2279 1249 2350 ,palliorum
1263 2277 1365 2332 tesseris
1376 2299 1424 2332 no·

359 2362 415 2414 ιιῦι
403 2380 467 2432 sapa
482 2356 637 2429 γραψάντων.
654 2355 796 2408 Justinus'
789 2356 871 2426 igitur
915 2377 1058 2412 mensuum
1065 2359 1283 2430 sarpeinscripsit,
1290 2376 1423 2412 aarum..

360 2439 536 2512 quoquelicet
549 2437 657 2490 tabellas
667 2433 782 2500 indicet,
793 2435 869 2488 facile
913 2455 1033 2493 raosus.
1050 2457 1216 2492 naruasnno.
1230 2439 1315 2492 Banu.
1330 2439 1422 2491 -ln·

359 2532 449 2574 umen
464 2516 528 2571 hius
541 2515 649 2587 colligas
662 2511 777 2585 quodvis
791 2515 871 2586 pitta-
916 2529 1022 2571 testam.
1027 2521 1176 2571 ,assentarie
1186 2517 1230 2571 Br.
1241 2517 1341 2572 exMS.
1353 2519 1419 2591 ling.

359 2598 443 2664 cium,
450 2596 599 2662 ramulam,
606 2594 727 2648 laciniam
733 2594 871 2663 ,limbum,
918 2618 953 2661 a,
978 2610 1004 2650 et
1024 2596 1088 2651 edit.
1109 2597 1248 2670 principe,
1278 2602 1417 2652 insertum...

361 2676 477 2750 denique
498 2692 695 2748 quamcumque
715 2674 871 2741 materiam,
914 2688 1052 2729 ostentaret,
1068 2677 1120 2729 En.

360 2758 514 2811 cuinomen
530 2755 612 2825 possit
629 2751 727 2817 incidi,
747 2753 871 2816 inscribi,
957 2762 1000 2819 rt.
1031 2756 1136 2809 Diceret.
1163 2758 1273 2822 Quum,
1296 2768 1327 2810 ut
1351 2770 1422 2811 reete

361 2835 440 2902 addi,
464 2847 543 2905 atque
568 2831 634 2885 adeo
656 2833 741 2903 ipsam
767 2844 871 2902 partem
913 2834 1108 2900 Quintilianus,
1131 2837 1201 2899 ΧΠ,
1222 2854 1249 2905 7,
1269 2855 1328 2908 pag.
1351 2838 1422 2902 883,

361 2915 455 2986 ιωιίι,
472 2932 532 2986 quas
543 2930 641 2965 nomen
656 2923 704 2965 ant
717 2923 793 2963 notas
809 2912 873 2965 tales
917 2941 928 2962 ·
944 2914 1072 2987 Pleraque
1084 2915 1136 2968 hoc
1152 2916 1210 2986 ipso
1228 2916 1328 2986 possint
1338 2914 1422 2969 rideri

360 2997 496 3059 continet,
511 3005 621 3045 tesseram
632 2990 674 3044 vel
689 2991 784 3043 titulasm
800 3004 872 3043 rents
913 2994 990 3058 vilia,
1004 2991 1077 3065 quod
1092 2995 1207 3067 pretium
1218 2994 1325 3047 hebent.
1342 3020 1353 3041 ι
1367 2996 1402 3047 Η.

360 3074 423 3129 diei.
441 3071 758 3141 enom-tapetium
770 3074 871 3123 tesseris.
957 3078 999 3126 rs.
1016 3072 1158 3127 Alcmenam
1176 3074 1363 3144 Agragantinis.
1380 3074 1423 3128 stc

360 3154 483 3207 Tesserae
494 3150 645 3205 Gronovius
653 3148 776 3219 intelligit
785 3163 870 3216 notas,
913 3170 1004 3205 omnes
1016 3152 1090 3205 MSS.
1102 3172 1156 3205 non
1171 3154 1349 3223 Agrigentinis.
1361 3152 1421 3207 Fuit

361 3228 870 3302 ettitulos,quil›usdonrinusnoscitur:
912 3230 1015 3304 oppido
1033 3248 1130 3284 nomeu
1149 3250 1262 3303 grauem
1289 3232 1421 3303 Acragas,
1488 3234 1494 3253 ⁸

361 3326 391 3365 ut
405 3321 477 3365 nunc
487 3328 594 3382 quoque
611 3308 639 3361 in
650 3307 778 3374 sudariis,
793 3308 871 3363 indu·
912 3311 1012 3364 Latinis
1018 3310 1204 3382 Agrigentum,
1216 3324 1245 3363 ut
1255 3310 1357 3363 Plinius
1368 3312 1423 3385 ipse
1442 3354 1458 3367 ..

361 3391 419 3456 siis,
434 3404 484 3445 eto
497 3390 604 3443 uomina
614 3387 807 3460 possidentium
818 3389 870 3461 pri·
911 3390 938 3443 io
959 3390 1148 3460 Geograplrinis
1166 3390 1312 3443 admonuit.
1333 3389 1422 3444 Croto·

361 3472 412 3525 mis
429 3470 623 3523 litterisacuet
640 3468 693 3521 alio
707 3468 797 3521 colore
810 3470 871 3539 pin·
910 3468 989 3523 nistis
1012 3480 1103 3523 eontra
1128 3487 1223 3540 magno
1245 3469 1332 3539 pretio
1357 3490 1421 3524 con·

359 3563 469 3620 guntur.
494 3546 598 3602 Laudat
620 3544 764 3600 adductum
791 3566 871 3618 supra
912 3547 1006 3603 duetus
1026 3548 1153 3602 Helenam
1169 3549 1267 3620 pinsit,
1285 3562 1316 3601 ut
1328 3550 1421 3603 Cicem

361 3628 472 3700 Vopisci
491 3627 580 3681 locum
611 3627 750 3679 Rubenius
772 3624 807 3679 de
832 3628 871 3679 lie
910 3628 991 3682 refert
1008 3626 1042 3681 de
1056 3628 1161 3681 Inrent.
1175 3646 1198 3681 e.
1213 3648 1236 3682 r.
1251 3628 1421 3683 H.-Brot.

361 3721 426 3763 vest.
441 3710 468 3772 1,
482 3724 523 3760 ro.
543 3704 597 3759 Sed
617 3718 724 3758 tesseras
746 3706 792 3757 ille
804 3706 872 3758 arbi·
911 3724 942 3760 es
957 3710 1021 3778 llsg.
1040 3706 1099 3761 nod.
1122 3709 1137 3762 5
1159 3720 1184 3761 et
1204 3706 1267 3761 edit.
1284 3707 1419 3779 principe,

360 3800 445 3842 tratur
463 3802 519 3841 esse
533 3783 673 3858 quadratas
690 3784 798 3837 tabellas
813 3784 870 3855 pal·
912 3786 1091 3855 Agrigentinis.
1106 3786 1157 3841 En.

360 3868 402 3921 liis
425 3867 549 3931 intextas,
570 3864 667 3935 quibus
686 3865 796 3926 litterae,
812 3881 871 3934 qus
954 3870 998 3919 16.
1019 3866 1149 3920 Archelao.
1165 3864 1329 3920 Macedonis
1347 3865 1421 3936 regi,

358 3965 457 4000 nomen
478 3942 583 4004 domini
605 3943 752 4008 referrent,
780 3955 868 3996 essent
910 3957 971 3998 ante
983 3944 1160 4000 Alexandrum
1175 3946 1263 4017 Magn.
1275 3945 1352 3998 annis
1366 3945 1420 3998 l'ers

359 4022 867 4098 inseriptsstatque,utopinor,rectius.
912 4026 1063 4079 65.llsuu.

358 4102 427 4158 Nam
436 4116 462 4157 et
472 4103 499 4155 in
508 4100 636 4157 orbiculis
642 4102 707 4154 olim
716 4120 815 4155 nomen
825 4101 869 4155 de·
954 4122 997 4174 ¹7·
1012 4106 1042 4157 In
1057 4125 1104 4177 qun
1117 4108 1223 4174 pinxisse
1235 4124 1319 4156 mam.
1333 4104 1374 4156 lta
1386 4102 1419 4153 li·

359 4182 484 4253 snriptum
510 4182 632 4252 legimus.
661 4181 811 4235 Anastasius
839 4184 867 4235 in
909 4184 951 4237 bri
965 4202 1075 4251 omnes,
1088 4202 1142 4237 uon
1156 4204 1259 4249 amarus,
1272 4183 1419 4237 utllsruto·
