3100 5125
449 563 607 630 LIBER
634 564 813 632 XXXIV.
1096 567 1164 641 235

142 695 257 762 XLV.
277 693 340 762 Est
358 706 393 765 et
411 693 530 788 rubigo
544 694 663 788 ipsein
680 691 854 780 remediis,
868 710 902 765 et
915 696 962 766 sic
976 695 1161 794 Telephum
1184 730 1195 764 t

85 797 248 893 proditur
255 823 387 868 sanasse
400 798 573 885 Achilles¹,
586 802 657 870 sine
666 799 700 868 id
712 801 891 886 aerea‚sive
905 801 1011 872 lert-ca
1026 809 1163 901 cuspide

87 905 181 974 fecit.
198 908 249 976 Ita
270 920 360 974 certe
381 906 528 999 pingitur
542 929 616 974 earn
635 905 804 976 decutiens
823 904 942 1001 gladio.
962 909 1027 978 Sed
1042 912 1163 1008 rubigo

86 1010 172 1080 l'erri
183 1010 355 1080 deraditur
369 1011 509 1082 humido
520 1013 609 1082 ferro
623 1011 725 1082 clavis
740 1013 917 1084 veteribus.
933 1017 1082 1086 Potentia
1092 1020 1163 1113 ejus

86 1114 222 1211 ligare²,
229 1119 372 1201 siccare,
383 1119 508 1188 sistere.
523 1118 689 1187 Emendat
699 1105 875 1213 alopecies³
888 1119 977 1190 illita.
993 1115 1163 1194 Utuntur⁴

86 1223 183 1292 etad
199 1225 373 1293 scabritias
386 1248 561 1318 genarum,
576 1224 775 1319 pusulasque
790 1226 891 1296 totius
905 1230 1072 1322 corporis,
1083 1255 1161 1300 curn

87 1353 169 1398 cera
182 1343 216 1398 et
228 1328 303 1399 oleo
317 1344 466 1420 myrteo:
484 1330 528 1399 ad
543 1331 635 1425 ignes
654 1355 733 1399 vero
748 1317 882 1400 sacros⁵
897 1348 1066 1406 exacuto:
1081 1337 1160 1406 item

87 1434 130 1504 ad
143 1436 311 1524 scabiem,
329 1437 552 1530 paronychia,
564 1439 599 1505 in
619 1436 770 1507 linteolis.
790 1423 900 1510 sistit⁶
915 1453 949 1508 et
962 1439 1159 1510 seminarum

88 1542 257 1633 profluvia
265 1543 421 1636 imposita
428 1541 614 1612 velleribus.
622 1540 730 1638 Plagis
740 1568 873 1639 quoque
886 1545 1074 1616 recentibus
1083 1550 1161 1618 vino

89 1645 214 1733 diluta,
227 1663 263 1718 et
281 1671 360 1718 cum
376 1648 513 1742 myrrha
530 1648 682 1737 subacta,
695 1663 731 1718 et
747 1647 1004 1745 condylomatis⁷
1014 1677 1056 1722 ex
1067 1669 1162 1724 aceto

90 1753 237 1846 prodest.
262 1740 449 1848 Podagras⁸
471 1779 604 1850 quoque
624 1754 707 1826 illita
723 1754 815 1825 lenit.

144 1862 272 1929 XLVI.
293 1857 459 1955 Squama¹
480 1885 615 1956 quoque
637 1862 715 1931 ferri
737 1862 771 1929 in
797 1886 859 1932 usu
877 1876 927 1931 est
942 1887 982 1932 ex
997 1865 1089 1954 acie,
1105 1877 1162 1937 aut
1184 1912 1193 1941 t

91 2077 232 2132 centnm
253 2089 300 2133 est.
323 2078 384 2132 Hoc
403 2095 454 2148 ego
474 2078 544 2133 traxi
566 2078 602 2132 ab
646 2095 726 2148 cuper
747 2094 755 2130 ε
774 2077 832 2150 ipse
855 2077 987 2134 Machaon
1012 2079 1058 2134 Nil
1086 2083 1160 2134 virus

92 2154 288 2229 aquiscalidis,
307 2175 369 2227 qun
381 2169 444 2210 suut
458 2157 487 2210 in
504 2157 602 2212 Tuscia
646 2169 749 2210 tuntum
765 2175 821 2228 quo
835 2156 992 2224 medicetur,
1003 2159 1091 2214 babet.
1106 2161 1158 2214 Te·

92 2238 202 2301 saratas,
218 2248 246 2289 et
262 2234 535 2290 miriliceremediaut
554 2255 600 2289 ve·
644 2236 740 2307 lepbus
757 2255 791 2288 eu
809 2235 859 2289 tibi
873 2256 930 2290 sum
948 2257 1025 2290 :mea
1044 2251 1073 2291 tu
1091 2240 1158 2292 mihi
1231 2247 1233 2252 ’

92 2316 149 2369 sice
158 2317 232 2369 vitia.
245 2315 425 2387 Appellantur
435 2315 524 2386 itaque
535 2316 601 2369 veci-
644 2316 725 2368 telae
739 2313 869 2368 Achillem
886 2337 891 2366 :
906 2317 939 2368 Et
949 2317 1082 2370 llcmmarn
1094 2317 1157 2372 sede

90 2396 172 2448 caria.
184 2422 197 2442 ·
214 2394 392 2448 H.-Etbnc
401 2394 536 2466 hodieque
546 2413 600 2449 me·
643 2412 724 2464 quam
738 2395 992 2450 materonum.»
1008 2397 1044 2449 Η.
1053 2430 1095 2440 -
1107 2399 1157 2450 llu-

91 2473 599 2536 dicinccoeliacis‚etc.usitatiuima.F.n.
643 2473 709 2542 bigo.
724 2474 766 2525 De
779 2473 843 2526 lerri
859 2474 1031 2528 recrementis
1046 2477 1081 2530 cl.
1091 2477 1157 2530 Exc.

126 2555 212 2609 XLV.
236 2574 260 2608 ι.
283 2553 327 2607 Sic
344 2555 471 2625 Telephum
485 2554 601 2625 proditur
642 2554 684 2607 ΙΙΙ
697 2549 732 2606 ad
746 2552 813 2607 calc.
824 2552 881 2625 huj.
891 2553 938 2607 lib.
949 2554 1002 2609 En.

89 2635 308 2687 mActtttes.
325 2634 430 2706 Supra,
447 2635 496 2688 lib.
510 2635 599 2698 XXV,
683 2653 708 2687 s.
727 2632 842 2685 Potentia
860 2635 911 2703 ejrrs
928 2634 1021 2703 ligure,
1039 2646 1089 2687 etc.
1114 2637 1153 2689 lta

90 2733 145 2785 ccp.
159 2716 193 2780 5,
205 2715 327 2767 Achillea
338 2714 436 2769 ber-ba:
451 2727 545 2767 notum
560 2727 600 2769 est
642 2711 719 2767 blSS.
736 2730 830 2765 cmcea
846 2729 854 2764 t
874 2730 946 2777 uon,
964 2726 993 2767 ut
1012 2711 1094 2779 editi,
1108 2716 1155 2769 Vis

89 2795 224 2865 vulgatum
242 2792 326 2858 illud,
347 2796 361 2847 l
378 2793 476 2863 rpaicee
490 2793 598 2849 tricatus.
641 2794 885 2861 ejus...mtringcre.
894 2792 949 2845 Etsi
960 2794 1087 2858 Dioch,
1098 2797 1151 2861 93:

88 2872 187 2927 Danao.
201 2904 241 2915 —
255 2874 292 2925 lt't
307 2878 352 2927 stc.
363 2871 434 2926 Vide
447 2873 537 2935 XXV,
551 2891 597 2942 19·
640 2862 969 2942 ldcilctdu‘pcuctlprt,bcitu
978 2868 1009 2926 dl
1018 2878 1152 2943 γυναικεῖον

89 2952 172 3007 Exstat
184 2954 214 3005 in
228 2953 343 3007 Anthol.
361 2953 454 3007 Graeca
470 2950 597 3005 Macedo-
640 2952 780 3023 npcctttylc
794 2952 866 3019 ἶσχιι.
883 2952 973 3005 liant).

88 3032 248 3085 ciiecnmlis
254 3032 414 3088 amatorium
424 3032 597 3103 epigramma,
681 3032 709 3085 3.
718 3031 859 3102 Alopecr'cs.
871 3030 961 3087 Dicto.
972 3032 1025 3085 loc.¹
1038 3032 1085 3087 cit.
1099 3033 1132 3087 fl.

88 3114 157 3183 cujus
165 3126 358 3182 argumentum
369 3112 404 3165 ab
417 3112 471 3164 boc
485 3110 596 3165 Achillis
680 3117 708 3174 t.
725 3111 841 3165 Utuntrrr.
859 3111 948 3165 Diosc.
968 3110 1080 3165 totidem
1096 3132 1154 3167 ver·

86 3190 250 3263 Telepbique
261 3192 332 3243 lacto
339 3192 461 3262 petitum,
469 3190 517 3243 lib.
523 3191 593 3256 vn,
637 3190 679 3243 bic
690 3210 696 3241 τ
707 3192 770 3260 Πρός
783 3210 810 3245 τι
822 3191 995 3261 παρωνυχίας,
1009 3191 1051 3244 nul
1064 3194 1154 3262 erupi·

86 3288 235 3343 quanquam
244 3272 289 3325 bic
298 3284 361 3324 aute
370 3288 385 3323 c
395 3288 437 3323 rue
444 3268 596 3342 pensandus
637 3289 690 3341 για,
698 3270 742 3324 καὶ
752 3272 848 3340 τραχὶα
861 3271 970 3340 βλέφαρα
978 3272 1101 3341 ciunt-uc.
1110 3272 1152 3324 aui

84 3346 165 3406 berron
178 3351 292 3405 auribus
305 3371 312 3402 ε
326 3340 403 3410 bu:
416 3352 465 3417 [χω
479 3351 521 3403 τὸν
536 3350 595 3417 tpu-
637 3344 831 3419 κονδυλῶματα,
845 3348 939 3403 flattu.

84 3449 128 3495 ru,
138 3432 189 3500 ῥίιι
203 3426 237 3483 δι’
249 3450 291 3499 μοι
302 3432 384 3490 nuce
398 3430 457 3499 ἰχόρ
469 3429 593 3499 Δᾶκρυον,
677 3434 704 3483 5.
713 3430 761 3481 Ad
767 3433 836 3499 ignes
846 3446 904 3481 uero
915 3448 1011 3493 seems,
1025 3441 1075 3481 etc.
1087 3430 1151 3483 Dio·

84 3512 180 3570 ὁτιιλῆς
197 3512 288 3563 οὔποτε
303 3511 459 3579 τιρσομῦνης.
477 3508 535 3577 utut
550 3509 593 3563 ecl
637 3497 935 3579 sccr.lle12prdpasmdl
950 3510 993 3563 ets
1010 3509 1058 3571 ὅξιι
1074 3511 1149 3580 lpunr·

84 3590 255 3649 ἰιιαότητος
264 3589 401 3659 ἀμήχανος·
410 3584 470 3641 cett
477 3583 600 3656 Magios
637 3591 737 3641 clausu
748 3588 791 3641 nal
808 3586 965 3658 diustius-ra
979 3589 1060 3641 ἰᾶται.
1076 3590 1111 3641 ll.

82 3657 149 3721 flecti
160 3690 203 3739 μοι
215 3669 312 3721 ndccu
325 3668 445 3739 φάρμακα
458 3663 592 3739 drucplvp.
675 3669 703 3719 6.
716 3666 796 3721 Sistit.
811 3667 932 3721 Dioscot.
947 3667 1055 3722 locuit.
1069 3669 1103 3720 H.

81 3746 187 3819 Teitpc'c
201 3750 266 3819 cipi,
281 3752 354 3817 κόρη·
366 3744 434 3801 otti
444 3748 510 3817 γὶνιο
520 3749 592 3808 nteit
677 3766 704 3816 7.
721 3746 912 3818 condylomatis.
924 3746 1015 3801 [tiore.
1028 3748 1047 3799 l.
1064 3764 1088 3799 c.
1100 3748 1136 3799 H.

80 3818 202 3895 iguem.
221 3832 318 3881 Καλλιῖ
331 3834 367 3896 σῷ
382 3833 477 3880 παῦσον
492 3828 533 3879 τὸν
545 3828 593 3880 nc'·
677 3828 703 3879 ll.
720 3826 860 3895 Pcdugras.
874 3828 963 3880 Dione.
976 3828 1025 3879 loc.
1043 3827 1089 3879 cit.
1101 3826 1137 3879 Η.

79 3910 127 3966 lu.
152 3911 186 3969 loc
206 3905 303 3969 ῐὸσλις.
322 3905 405 3971 Quod
424 3906 537 3961 tettciur
557 3907 592 3960 itc
675 3906 775 3958 XLVI.
802 3924 828 3958 1.
848 3904 963 3977 Spucmc.
991 3907 1054 3959 llec
1079 3905 1150 3959 forte

79 3985 185 4041 Grotius
196 3987 299 4041 vertit:
323 3986 476 4039 -Ectmibi
494 3987 591 4039 vulnus
634 3983 704 4045 λεπὶς
727 3984 894 4055 (opstipum,
923 3985 1010 4039 Dione.
1035 3986 1071 4043 V,
1099 4003 1148 4053 90,

80 4084 149 4119 amor
170 4089 178 4118 ε
202 4067 289 4119 sanies
311 4065 346 4118 de
370 4067 481 4119 vulnere
503 4078 592 4119 manat
634 4082 715 4134 quam
728 4064 1149 4133 barberirocuutsquamunnciu-

78 4144 227 4216 lacrymas
246 4144 339 4199 siccari
361 4146 437 4215 plaga
457 4144 592 4216 profunda
635 4146 683 4208 rii,
701 4161 762 4214 quac
775 4162 809 4195 ex
831 4144 903 4196 lerro
920 4144 1062 4209 excutitur,
1081 4142 1147 4197 duan

78 4239 159 4294 negat.
179 4226 238 4279 Nec
264 4223 442 4278 revolem-endi
471 4244 531 4294 spes
553 4236 591 4277 cat
636 4222 758 4277 tunditur
772 4222 933 4277 irrolllcinis.
947 4222 1037 4275 llanu.
