3100 5125
400 500 408 514 '
494 523 651 591 urnnn
672 524 826 592 xxxv.
1120 521 1189 597 303

134 665 275 755 pictores
314 668 429 750 ropter
443 655 577 723 nimiam
594 654 865 749 pinguitudinem.
886 653 1093 726 decubantes
1107 657 1189 726 ello·

131 766 225 834 diunt
240 763 286 831 ibi
306 816 316 848 ,
333 764 420 828 iuter
435 783 512 828 saxa
526 784 626 830 venas
641 775 834 829 scrutantes.
850 762 890 827 In
904 748 1086 829 medicina⁴
1100 786 1191 834 euni-

133 871 205 940 dem
225 893 321 938 usum
338 852 468 952 hahet⁵‚
485 889 583 958 quem
601 867 726 934 Eretria
748 880 849 935 creta.
866 868 1025 934 Praeterea
1045 864 1190 961 linguam
1238 855 1244 867 ¹

132 991 221 1046 tactu
240 959 370 1045 siccat⁶.
388 971 476 1041 Pilos
495 970 638 1040 detrahit
658 985 692 1040 et
707 973 846 1064 mitigat.
868 972 1014 1040 Pretium
1036 973 1070 1041 in
1093 971 1191 1044 libras

131 1083 271 1152 sestertii
294 1077 422 1172 singuli.
436 1080 497 1146 Est
514 1091 548 1146 et
564 1076 656 1146 colos
673 1079 789 1145 tertius
808 1101 826 1144 e
847 1076 1015 1163 candidis,
1034 1101 1191 1163 cerussae,

131 1189 225 1281 cujus
239 1188 400 1255 rationem
414 1186 448 1250 in
466 1180 593 1277 plumbi
608 1180 745 1252 metallis
757 1168 927 1250 diximus⁸.
949 1181 1042 1250 Fuit⁹
1057 1197 1090 1250 et
1104 1199 1191 1252 terra

132 1319 190 1387 per
204 1317 240 1361 se
260 1295 294 1359 in
305 1290 470 1360 Theodoti
486 1287 589 1356 fundo
601 1287 625 1312 ¹⁰
644 1290 778 1357 iuventa
796 1290 960 1380 Smyrnae,
980 1312 1047 1382 qua
1063 1303 1191 1358 veteres

132 1400 173 1468 ad
186 1401 321 1466 navium
341 1399 486 1490 picturus
502 1394 690 1462 utebantur.
709 1397 807 1462 Nune
825 1395 931 1462 omnis
950 1418 990 1461 ex
1008 1392 1144 1487 plumbo
1158 1410 1192 1464 et

133 1519 225 1574 aceto
248 1501 332 1589 fit¹¹‚
349 1517 386 1570 ut
404 1501 552 1568 diximus.

183 1613 263 1680 XX.
278 1611 362 1678 Usta
371 1631 450 1676 casu
463 1603 612 1700 reperta¹
625 1604 779 1676 incendio
795 1606 922 1688 piraeei,
935 1629 1066 1675 cerussa
1085 1606 1119 1674 in
1140 1630 1189 1674 or·
1209 1641 1221 1676 ι

131 1718 177 1786 cis
197 1729 353 1784 cremata.
385 1716 457 1780 Hac
479 1713 605 1805 primus
625 1735 705 1780 usus
732 1726 783 1780 est
802 1711 913 1779 Nicias
933 1709 1050 1804 supra²
1072 1710 1189 1781 dictus.

133 1825 268 1917 Optima
296 1845 386 1888 nuuc
408 1817 549 1886 Asiatica
574 1816 727 1904 habetur,
748 1841 821 1910 quae
839 1831 873 1884 et
893 1840 1060 1910 purpurea
1078 1816 1192 1911 appel·

171 2012 198 2065 3.
211 2009 346 2079 Effodiuut
356 2007 398 2058 dt,
412 2005 637 2058 InSsmoTheo·
681 2016 720 2056 est
735 2005 881 2058 inventum.
900 2029 911 2050 ·
932 2004 995 2058 Fuit
1006 2005 1150 2071 nimirum,
1160 2019 1190 2060 ut

132 2092 230 2164 phrsst.
245 2091 297 2142 loo
312 2088 356 2141 eit.
370 2084 461 2138 Hssn.
681 2083 816 2154 Fsllopius
836 2081 1023 2137 animadvertit
1034 2085 1069 2146 V,
1090 2087 1139 2150 ιθ,
1152 2085 1192 2138 di·

171 2173 240 2234 4111
259 2168 383 2220 medicina.
407 2164 494 2216 Dione.
512 2163 568 2214 hee
588 2174 638 2214 tot·
680 2181 772 2215 versus
792 2181 901 2216 eermsoe
922 2163 1009 2228 colos,
1029 2163 1100 2235 spud
1119 2166 1191 2218 suti-

132 2249 202 2302 idem
219 2251 276 2302 fere
288 2246 394 2307 verbis,
410 2242 444 2296 de
456 2255 525 2295 terrs
541 2241 638 2304 Melie,
680 2259 748 2310 quos
764 2260 869 2313 :quum
884 2241 933 2294 ulis
947 2240 1135 2296 candidissime
1149 2245 1191 2297 so·

134 2331 167 2394 V,
176 2351 203 2402 p.
224 2331 284 2383 180.
298 2325 389 2376 Hsnu.
680 2333 735 2381 ret,
755 2320 806 2372 slis
827 2321 914 2372 minus
934 2338 941 2372 :
960 2321 1010 2372 sliu
1032 2323 1192 2387 rubescens,

171 2407 324 2464 eumdem
333 2423 400 2455 usum
411 2401 488 2453 dubet.
499 2400 638 2470 Sanguinis
680 2399 731 2450 alis
749 2397 852 2450 livida:
876 2417 935 2468 quo
953 2400 1040 2452 forsan
1063 2399 1190 2454 viridius

130 2489 247 2542 sistendi.
260 2488 331 2538 Dru.
365 2523 369 2529 -
682 2477 808 2529 Vitruvio
819 2477 976 2548 appellatur.
992 2477 1081 2531 Hsun.

171 2575 197 2623 6.
212 2572 333 2637 Linguam
350 2575 417 2614 tuctu
433 2565 516 2613 sucos.
535 2558 638 2611 Alumi·
724 2576 766 2610 ro.
784 2556 814 2608 Iu
837 2556 954 2611 Theodoti
967 2557 1057 2623 fundo.
1081 2557 1191 2613 Cerussa

131 2670 195 2703 noso
213 2661 292 2720 gustu
306 2645 395 2697 Diosc.
412 2642 479 2693 Dsr..
493 2670 530 2681 —·
546 2637 635 2691 Siccus.
679 2637 725 2689 ills
753 2635 841 2689 nutius
869 2637 937 2689 forte
966 2638 1066 2691 mines-s
1089 2638 1192 2708 plumbi

131 2731 185 2783 Nos
200 2726 341 2782 vernacule
361 2721 487 2784 dicimus,
513 2718 638 2790 trupperti
681 2730 719 2770 est
737 2707 828 2785 (plomb
842 2712 996 2779 carbonata),
1019 2735 1091 2789 ques,
1111 2716 1191 2771 modo

132 2812 155 2861 la
169 2811 265 2879 langue.
283 2808 334 2859 En.
680 2813 747 2868 puts
758 2797 806 2859 sit,
818 2812 927 2849 oerussoe
942 2795 1042 2849 fictitio
1057 2794 1127 2867 upud
1140 2815 1190 2849 uos

170 2909 194 2958 7.
210 2891 247 2941 Et
259 2890 364 2954 mitigat.
383 2884 531 2941 Extenuat,
544 2877 637 2929 λιπτύ·
680 2872 824 2945 sliqusndo
837 2876 973 2945 miscetur.
989 2875 1039 2927 Eu.

131 2990 164 3020 sn
177 2969 222 3029 τὰς
232 2970 329 3038 τρίχας,
344 2964 431 3016 Diose.
446 2962 498 3013 loe.
512 2957 559 3009 eit.
572 2954 605 3007 E
722 2972 765 3007 rr.
780 2951 905 3023 Asetofit.
918 2954 997 3007 Nunc
1010 2955 1097 3007 omnis
1106 2972 1192 3009 cerus·

169 3051 194 3102 8.
219 3049 250 3101 lu
272 3042 366 3114 pisendi
393 3042 496 3093 metallis
522 3034 636 3087 dutum.
680 3052 707 3087 ss
724 3032 800 3087 lites
819 3032 930 3102 plumbo
946 3046 971 3086 et
989 3046 1079 3098 sueto,
1102 3047 1133 3087 ut
1152 3033 1193 3088 di-

131 3127 187 3181 Lib.
200 3126 331 3186 xxxw,
347 3123 393 3183 54.
405 3118 496 3170 Hsun.
681 3126 755 3166 otum
769 3124 808 3165 est
822 3130 900 3182 suprs
911 3112 959 3165 lib.
968 3113 1097 3177 XXXIV,
1106 3130 1129 3164 e.
1145 3114 1191 3177 54.

170 3229 195 3276 9.
213 3208 281 3259 Fuit.
295 3202 373 3265 Fuit,
384 3199 489 3269 inquit,
504 3207 531 3248 et
547 3182 581 3245 ¹sd
594 3211 637 3245 oo-
680 3193 767 3245 Bsor.

131 3286 212 3340 lorum
244 3280 390 3338 candidum
420 3292 488 3331 terre
517 3270 637 3344 quedam
721 3271 783 3323 XX.
802 3288 826 3323 r.
843 3270 903 3323 Usta
919 3290 977 3321 casu
994 3284 1097 3340 reperta.
1116 3270 1191 3325 Idem

133 3379 188 3435 aps.
199 3382 312 3418 cerm
323 3360 402 3431 plane
415 3374 473 3427 per,
488 3368 514 3408 et
528 3371 560 3405 eo
571 3369 637 3421 quo·
681 3350 737 3402 fere
750 3349 929 3419 Theophrast.
943 3349 990 3403 lib.
1003 3350 1057 3421 rupi
1075 3349 1145 3405 utus
1159 3348 1193 3403 de

132 3464 181 3515 que
190 3444 311 3506 nomine,
319 3458 369 3492 nec
380 3451 468 3490 tumen
478 3453 510 3487 ex
517 3431 638 3503 plumbo,
681 3429 764 3481 ochra
784 3429 813 3481 in
833 3428 967 3481 rubricam
983 3441 1085 3482 mutuis
1101 3428 1193 3483 ineen-

131 3523 175 3577 sed
193 3543 227 3576 ex
249 3524 306 3593 ipsu
323 3518 417 3571 tellure
438 3531 485 3585 per
503 3530 531 3565 se
555 3521 637 3573 uots,
681 3506 727 3560 dio
741 3509 867 3561 tuberum.
881 3509 947 3559 Dsr..
964 3538 1003 3549 -·-
1022 3508 1091 3561 Usta.
1106 3509 1193 3573 Quam

131 3603 202 3674 qussi
218 3602 309 3655 nstirs
321 3588 637 3653 oerussa.Vitsuv.V11,
681 3586 799 3658 pictores
812 3599 896 3639 ustam
910 3598 1026 3653 vocent,
1042 3605 1074 3640 ex
1090 3604 1193 3641 cerusss

132 3702 159 3751 7,
174 3702 235 3753 pag.
252 3680 316 3749 139,
334 3691 446 3734 terrum,
472 3688 517 3723 sen
538 3680 637 3722 metum
680 3665 961 3719 dissentiremus
978 3665 1193 3721 estsundsrschse

131 3760 244 3815 eifum
270 3770 367 3812 ms:
398 3780 410 3801 ι
425 3753 503 3806 Crete
527 3746 637 3812 viridis,
681 3743 855 3807 adulterino,
878 3742 912 3797 de
931 3762 982 3815 qua
1004 3762 1062 3814 esp.
1086 3763 1136 3808 ss,
1149 3742 1194 3797 sed

132 3841 230 3913 inquit,
256 3839 380 3911 pluribus
409 3831 474 3885 locis
496 3828 633 3881 nuscitur:
681 3826 769 3878 multo
791 3823 965 3895 prestantior.
980 3822 1106 3876 Officium
1124 3841 1195 3876 nuno

131 3918 176 3973 sed
194 3919 296 3991 optivus
314 3916 441 3982 Smyrna.
455 3909 530 3961 llsno
547 3920 635 3960 sutem
682 3903 797 3970 minium
811 3916 923 3966 voesut,
939 3915 966 3955 et
983 3905 1048 3953 seius
1067 3901 1097 3954 de
1103 3901 1193 3973 plomb.

132 3998 217 4052 Greci
254 3993 377 4051 θεοδότων
415 4002 526 4051 roosnt,
564 3981 637 4058 quod
682 3982 768 4035 H.—
782 3982 860 4035 Cous.
872 3980 905 4035 de
917 3998 1021 4035 cerussa
1038 3980 1100 4033 Ere.
1112 3982 1152 4034 lv
1160 3979 1196 4035 sd

132 4077 287 4131 Theodotus
311 4073 418 4127 nornine
440 4070 541 4130 fueret,
563 4066 639 4135 cujus
683 4062 748 4116 esle.
764 4062 896 4131 superior.
910 4060 958 4113 lib.
974 4060 1026 4112 En.

132 4156 260 4209 infundo
280 4154 308 4207 id
328 4169 409 4225 geum
426 4160 504 4203 creto
524 4146 640 4215 primurn
728 4139 1194 4211 s.Nieiassupradistus.Csp.1o.H.
