3100 5125
338 504 409 589 342
612 475 842 576 e.'1>nm11
865 507 973 577 ner.
999 506 1124 574 ursa.

335 662 400 734 que
410 660 515 732 quum
524 620 680 713 dilectam
688 637 751 706 sibi
762 661 805 706 ex
816 635 972 733 pallaeis⁹
992 639 1060 706 auia
1069 637 1252 731 praecipue,
1265 638 1405 706 nomine

337 741 592 839 Campaspen¹⁰‚
611 743 735 814 nudam
755 744 846 838 pingi
868 744 913 813 ob
935 743 1187 814 admirationem
1213 741 1332 812 formae
1356 743 1403 812 ab
1472 777 1476 786 ·

336 847 452 945 Apelle
475 849 641 942 jussisset,
662 873 805 943 eumque
830 863 901 920 tum
927 851 999 944 pari
1027 862 1161 942 captum
1182 871 1296 918 amore
1325 871 1403 917 sen·

336 958 431 1024 sisset
441 953 476 1039 ¹¹,
500 955 589 1024 dono
609 979 682 1031 eam
702 955 808 1025 dedit:
827 979 968 1050 magnus
987 957 1115 1035 animo,
1133 954 1239 1048 major
1261 955 1403 1048 imperio

336 1063 408 1130 sui:
428 1085 491 1130 nee
507 1062 616 1130 minor
633 1061 700 1131 boo
717 1059 821 1145 facto,
837 1085 936 1155 quam
944 1062 1082 1132 victoria
1092 1060 1211 1155 aliqua.
1220 1061 1354 1155 Quippe
1366 1084 1402 1129 se

336 1167 432 1251 vicit,
448 1181 636 1236 nostorum
650 1182 780 1236 tantum
789 1191 897 1255 suum,
911 1167 969 1238 sed
984 1169 1082 1236 etimn
1096 1167 1253 1237 affectum
1264 1166 1403 1236 donavit

336 1271 477 1341 artifici:
493 1297 536 1342 ne
554 1272 681 1344 dilectae
693 1273 827 1368 quidem
845 1288 998 1368 respectu
1015 1287 1141 1360 motus,
1156 1288 1194 1342 ut
1208 1297 1281 1366 quae
1299 1271 1403 1342 modo

337 1379 422 1473 regis
439 1378 568 1461 fuisset,
585 1379 686 1450 modo
703 1379 838 1475 pictoris
856 1394 951 1450 osset
966 1382 1052 1450 Sunt
1064 1381 1122 1474 qui
1133 1382 1298 1454 Venerem
1313 1382 1401 1448 Ana·

337 1483 555 1578 dyomenen¹²
573 1483 629 1554 illo
646 1488 768 1581 pictam
787 1483 966 1580 exemplari
987 1500 1116 1579 putant
1342 1567 1362 1602 x

334 1627 391 1668 stro
407 1614 545 1686 fraqam
561 1629 594 1672 ut
605 1616 737 1672 oomtabit
752 1634 786 1670 ex
799 1619 846 1670 In·
889 1635 942 1670 nen
953 1617 1160 1684 miramur‚non
1170 1613 1315 1686 hyperidis
1323 1614 1403 1668 aetio·

334 1693 466 1750 dioesso.
877 1715 937 1760 ne,
949 1715 1102 1768 quanquam
1111 1692 1403 1758 admirabili,sedton·

376 1755 417 1843 9.'
434 1774 476 1826 Ee
492 1774 605 1844 palloris.
628 1775 722 1830 Graeca
745 1794 777 1830 aa
797 1794 848 1828 rox
890 1789 982 1848 speetu
997 1777 1135 1848 eorporis,
1154 1774 1287 1848 quodilla
1301 1774 1403 1845 specio-

335 1854 531 1919 erumnam,
544 1868 571 1909 et
577 1855 756 1908 nuncubinam
763 1867 848 1908 sonat.
890 1857 1021 1910 tissimum
1034 1856 1149 1927 alioqui,
1160 1853 1273 1908 deducta
1286 1852 1404 1906 nudave-

335 1930 468 2004 Usnrpsta
493 1951 604 2005 quoqne
632 1935 792 2006 Tranquillo
820 1934 849 1987 in
890 1947 930 1988 rat
957 1934 1062 1998 tunica,
1095 1934 1217 2005 periculo
1241 1933 1402 1986 liberatam:

336 2013 448 2082 Vesper.
459 2029 562 2066 exxr:
580 2039 591 2061 ι
607 2013 701 2078 Quieti
722 2015 850 2078 vacabat,
890 2013 1046 2086 interposito
1068 2033 1129 2068 mor
1152 2012 1275 2077 decreto,
1295 2030 1331 2065 ne
1345 2010 1404 2082 quia

335 2090 482 2145 accubante
493 2091 581 2162 aliqua
593 2094 771 2164 pallaoaru'm,
784 2111 851 2165 quea
891 2092 1078 2148 misericordiae
1091 2092 1228 2165 captanda
1246 2091 1329 2160 gratia
1347 2087 1405 2160 epi·

336 2169 365 2221 in
381 2167 514 2224 defuncta
528 2171 619 2226 locum
630 2170 746 2226 Canidia
763 2173 849 2245 pluri·
890 2173 957 2244 logis
978 2186 1107 2226 uteretur.
1125 2172 1189 2225 lisso
1208 2189 1273 2224 vero
1295 2183 1348 2229 est.
1370 2167 1406 2220 de

338 2251 583 2304 masconstituerat.
599 2275 611 2297 s
626 2251 717 2317 Haan.
892 2271 943 2324 qna
960 2252 1084 2324 Propert.
1096 2252 1132 2305 ita
1148 2251 1237 2304 canit:
1254 2275 1266 2298 ι
1277 2250 1334 2302 Nee
1346 2266 1405 2319 quse

382 2345 426 2380 so.
441 2328 599 2400 Canpsspsu.
617 2331 756 2400 lla-pedem
773 2341 851 2384 ronst
892 2331 990 2385 deletas
1006 2331 1094 2402 potuit
1110 2348 1271 2401 oomponere
1283 2328 1406 2391 Thebas,

339 2403 851 2475 AEtisnus‚v·1.11isaxn,34=Ln·
892 2409 1018 2482 Phryne,
1042 2423 1096 2464 tam
1119 2409 1211 2464 multis
1232 2408 1299 2464 fecta
1329 2408 1406 2460 beata

339 2485 429 2538 &uus
440 2504 546 2558 quoque
556 2487 586 2541 in
596 2489 665 2542 Dial.
681 2489 725 2542 cui
741 2487 852 2558 titulus,
892 2489 965 2543 viris.
976 2513 988 2535 ι
1013 2491 1078 2560 Ejus
1101 2502 1213 2544 statuam
1238 2488 1318 2542 fuisse
1334 2484 1406 2557 apud

339 2566 469 2635 Imagines.
481 2568 572 2621 liano.
893 2570 1012 2641 Delphos
1030 2588 1136 2623 auream
1156 2568 1249 2623 scribit
1266 2566 1405 2621 Libanius.

383 2662 427 2697 rr.
446 2647 576 2717 Temperi
594 2659 689 2719 esptsrs
705 2667 785 2702 amore
797 2666 852 2699 sera·
894 2648 1085 2703 commeminit
1095 2650 1123 2702 in
1134 2648 1273 2720 preceptis
1287 2645 1407 2700 sanitatis

339 2724 576 2780 strutfflemder
585 2726 852 2798 oonspsetiscsptivis
893 2729 973 2782 mium
986 2728 1157 2795 Plutarchus,
1171 2746 1228 2782 eam
1245 2726 1334 2781 disere
1348 2725 1408 2778 soli·

341 2803 430 2856 mnltis
447 2816 474 2857 et
487 2806 610 2876 eorporis
625 2800 811 2877 magniitudine
824 2818 852 2860 et
886 2818 948 2873 ¹turn
956 2806 1141 2878 prodens,nbi
1149 2804 1405 2878 jamnonsenuiaset,

341 2880 426 2935 torma
438 2884 640 2953 prestantibus,
659 2881 796 2956 naptha,
810 2884 853 2937 in·
894 2905 925 2939 ae
936 2886 1044 2941 llaooida
1059 2898 1116 2940 toto
1132 2886 1201 2941 forat
1213 2902 1345 2957 empore,
1360 2884 1404 2940 riu

341 2960 417 3031 quit,
429 2963 501 3015 ‘slsis
513 2964 633 3034 ὀμμάτων
645 2962 791 3035 ἀλγηδόνες.
803 2964 853 3017 vi·
894 2967 972 3039 τρύγα
985 2968 1093 3029 πλείονος
1102 2968 1190 3021 suisti
1203 2962 1249 3035 dt&
1260 2967 1305 3024 τὴν
1314 2960 1406 3029 datas,

340 3051 406 3093 otor.
429 3039 478 3095 lib.
496 3042 536 3105 11,
560 3061 621 3113 esp.
646 3043 671 3097 5.
693 3045 797 3099 Dar-ro.
813 3074 853 3089 -·
894 3043 923 3097 id
933 3041 1408 3116 est‚pluriaiasoemvendereexopi-

341 3118 452 3192 Eumque
465 3132 515 3173 turs
528 3126 586 3191 pars·
601 3135 708 3194 saphrus.
729 3124 804 3177 Brot.
823 3123 853 3175 in
894 3124 975 3177 nione
995 3144 1075 3197 quam
1096 3123 1130 3179 ds
1152 3125 1210 3197 ipss
1227 3123 1408 3195 oonoepissent

341 3198 418 3254 MSS.
434 3200 514 3271 Regg.
526 3201 613 3255 Vatis.
621 3202 736 3256 Pintian.
750 3215 776 3257 et
786 3202 853 3257 edit.
895 3202 1026 3259 homines.
1057 3204 1133 3258 liano
1149 3265 1153 3271 ⁴
1172 3202 1287 3273 deniqne
1316 3202 1408 3255 dixere

342 3278 429 3347 print.
449 3298 563 3350 sumque,
584 3280 642 3335 dant
662 3294 754 3353 pent,
773 3302 854 3335 amorra
896 3283 982 3337 Gerasi
994 3284 1129 3355 lecythum
1143 3284 1241 3337 babere
1262 3283 1290 3335 in
1306 3281 1403 3333 malis:

342 3368 447 3427 raptem.
460 3359 514 3412 En·
896 3361 1219 3433 quoderponensSnidas‚
1228 3360 1337 3416 velutin
1345 3361 1408 3413 sinu

386 3454 431 3490 rs.
439 3438 637 3510 Audym
650 3440 784 3495 Verrem
794 3441 854 3496 dua·
895 3442 1247 3512 planetarranaGrssoorum
1256 3441 1360 3505 omnia,
1371 3437 1405 3492 ad

342 3509 463 3585 θυομνην
476 3517 578 3589 Apellis
587 3520 705 3589 pictam,
719 3520 853 3574 Veneram
896 3520 973 3575 faciei
983 3522 1073 3575 retulit
1082 3536 1213 3577 tumorem
1223 3540 1231 3574 t
1240 3518 1408 3590 credosquis

343 3593 468 3647 Cnidiam
481 3596 619 3651 Praxitelis
627 3599 761 3670 sculptam
772 3600 854 3654 fnisse
896 3600 931 3655 sit
941 3602 1060 3673 lecythus
1067 3602 1241 3673 protuberans
1250 3618 1307 3654 ras:
1317 3598 1408 3651 etiam·

343 3671 852 3749 adexamplarl’brynesatausrylturoe,
897 3679 920 3733 si
935 3679 969 3733 de
984 3683 1104 3752 eorporis
1123 3680 1233 3747 habitu,
1256 3680 1308 3732 boe
1321 3691 1376 3741 est,
1393 3695 1409 3729 a

343 3753 398 3805 sira
410 3762 594 3827 oenomaum
609 3758 638 3810 in
653 3758 851 3812 Eleusiniornm
895 3760 1036 3830 parvitate,
1053 3760 1152 3831 Olpem
1164 3760 1322 3831 piscatorem
1338 3775 1408 3809 nun·

343 3834 472 3907 megyri
487 3842 623 3907 spectante
638 3836 761 3891 universa
776 3838 852 3893 Gra·
895 3852 1038 3909 cupatum,
1069 3841 1219 3910 conjectant
1249 3838 1408 3891 Graecorum

343 3911 385 3964 eia
400 3912 525 3968 nudasset
546 3934 659 3987 eorpus,
680 3928 709 3970 et
727 3916 755 3969 in
779 3936 852 3972 mare
895 3919 1032 3984 nonnulli;
1047 3920 1173 3990 quoniam
1188 3918 1256 3989 Olpe
1271 3916 1408 3987 lecythum

343 3990 428 4045 soluta
449 4011 525 4047 ooma
548 3994 737 4061 descendisset,
758 3998 852 4052 scribit
895 3995 1003 4052 indicet.
1014 3998 1072 4069 Ego
1090 3997 1127 4051 ad
1143 3998 1236 4051 forma
1250 3995 1407 4067 elegantiam

343 4067 854 4147 Athenans.Verballhodig.lib.XlV,
893 4076 1064 4131 referendum
1074 4076 1267 4135 contenderim.
1279 4075 1406 4129 Utillsm

343 4164 401 4219 np-
419 4151 470 4216 15,
482 4164 545 4207 aunt
555 4154 626 4209 baso:
640 4155 755 4211 el’oates
764 4156 851 4229 Phry·
894 4156 1072 4228 intelligamus
1082 4157 1196 4211 naturali
1214 4156 1302 4229 specie
1319 4153 1408 4227 praesi-
