3100 5125
159 554 165 561 ·
259 568 262 579 ·
352 536 396 609 52
548 618 550 627 ,
623 537 1146 609 erumnarumsr.

350 664 528 743 Alexandri
546 669 662 762 Magni
683 668 878 763 praefectum
894 670 1003 739 aureis
1019 666 1119 739 clavis
1136 669 1291 765 suffigere
1304 674 1414 767 crepi-

350 779 418 847 das.
441 776 605 845 Antonius
619 774 707 869 apud
722 800 784 844 nos
800 778 833 844 in
853 774 1086 847 contumeliam
1108 780 1235 845 naturae
1253 777 1415 847 vilitatem

351 908 434 955 auro
448 882 542 967 lecit,
553 882 798 977 proscriptione
811 868 993 979 dignum¹⁸,
1005 882 1063 951 sed
1081 883 1232 977 Spartaci
1241 879 1274 951 ¹⁹.

316 1014 330 1050 ι
406 992 483 1061 XV.
505 987 668 1082 Equidem
698 990 802 1057 miror
826 987 987 1083 populum
1009 1012 1184 1058 romanum
1200 988 1294 1059 victis
1314 991 1418 1084 genti-

350 1101 413 1170 bus
432 1098 466 1164 in
486 1094 611 1169 tributo
626 1118 755 1189 semper
772 1110 948 1189 argentum
962 1094 1182 1189 imperitasse,
1193 1119 1260 1162 non
1275 1119 1415 1164 aurum:

352 1210 439 1277 sicut
459 1199 670 1295 Carthagini¹
700 1225 775 1269 cum
804 1200 989 1271 Hannibale
1011 1202 1107 1269 victoe
1130 1200 1279 1295 argenti²
1301 1226 1353 1271 xrs
1376 1224 1416 1271 u.

352 1354 446 1393 aureas
473 1332 561 1385 claros
587 1328 703 1401 crepidis
731 1330 865 1401 subjectos
945 1330 1007 1383 XV.
1023 1347 1048 1383 ι.
1063 1328 1132 1383 Sicut
1146 1330 1301 1401 Carthagini.
1314 1331 1418 1403 Appia·

352 1402 454 1471 habnil.
473 1436 484 1459 ι
498 1410 628 1464 similest
643 1409 716 1480 quod
730 1409 765 1463 de
776 1411 865 1480 Ephe·
904 1428 956 1464 nus
970 1410 998 1463 in
1014 1409 1108 1464 Punic.
1123 1429 1183 1482 pag.
1196 1411 1241 1474 30,
1257 1412 1329 1465 ricto
1337 1413 1376 1465 ait
1388 1412 1417 1463 in

351 1498 391 1551 sio
411 1490 554 1546 Theotimo
568 1490 676 1543 Plautus
692 1490 720 1541 iu
736 1488 865 1544 Bacchid.
907 1489 997 1543 atrion
1010 1488 1171 1554 Hannibale,
1185 1510 1199 1542 a
1212 1492 1242 1543 P.
1261 1492 1344 1544 Corn.
1362 1490 1419 1544 Sci-

352 1588 403 1631 act.
414 1574 458 1636 11,
470 1588 508 1623 ac.
522 1570 549 1633 3,
560 1587 627 1621 vera.
638 1570 672 1636 98
686 1586 692 1619 :
708 1594 719 1617 ι
732 1570 786 1633 Qui
796 1588 864 1623 auro
905 1570 1008 1641 plone,
1023 1569 1095 1621 bello
1109 1569 1212 1623 Punico
1222 1571 1356 1637 mundo,
1367 1571 1419 1624 im·

351 1652 465 1709 babebat
473 1647 557 1702 roccis
568 1648 724 1719 subpactum
736 1648 833 1701 solum.
849 1672 861 1695 ·
908 1660 1026 1718 peratum
1057 1648 1320 1719 Carthaginiensibus
1350 1651 1421 1703 inter

352 1736 433 1789 Forte
446 1758 458 1781 ι
473 1746 585 1784 aureum
599 1728 702 1790 solnm,
716 1752 730 1774 ·
747 1729 799 1781 boc
810 1740 866 1793 est,
906 1740 1012 1781 ceteras
1027 1726 1195 1781 conditiones
1213 1730 1299 1799 pacis,
1318 1742 1349 1784 ut
1361 1730 1417 1783 ain·

352 1830 459 1869 aarum
473 1807 641 1863 calceamenti
655 1807 761 1861 soleam.
776 1808 865 1872 Festo,
906 1807 976 1878 gulis
988 1808 1065 1859 anuia
1073 1806 1188 1861 ducenta
1200 1809 1294 1862 talenta
1303 1811 1420 1863 Euboica

357 1921 368 1943 ι
381 1894 482 1948 clarata
496 1886 622 1942 dicontur
632 1887 802 1941 calciamenta
811 1888 866 1940 cla·
906 1905 956 1958 per
971 1905 1057 1940 annos
1070 1888 1263 1960 quinquaginta
1275 1888 1303 1941 in
1316 1890 1419 1942 Urbem

355 1975 394 2026 vis
405 1968 507 2026 confixa
519 1986 526 2021 ε
543 1994 554 2015 ι
569 1978 594 2019 et
610 1966 682 2019 luere
695 1966 786 2037 caligas
796 1966 868 2019 mili-
907 1966 1035 2019 at'ierrent
1051 1984 1060 2018 e
1082 1968 1134 2020 lissi
1157 1971 1182 2029 lt
1201 1958 1289 2038 idapem
1313 1971 1420 2022 isaiarao

354 2067 423 2121 egnes
439 2048 519 2104 elaris
542 2046 663 2111 suffixae,
675 2044 721 2097 sed
737 2060 766 2099 ut
783 2044 867 2100 hodie
907 2046 1108 2117 irouedrapipasr
1118 2045 1422 2119 Εὗῧοιαὰτάλανταὸια-

354 2132 530 2191 rusticorum,
543 2124 643 2179 ferreis.
656 2123 748 2178 litun.
907 2126 997 2187 niara,
1009 2126 1050 2178 ἐπὶ
1063 2127 1218 2182 πεντήκοντα
1231 2129 1363 2188 issaarar're.
1378 2129 1421 2181 Sic

398 2212 444 2265 ιθ,
469 2208 550 2277 Opus·
559 2208 734 2275 prascriptione
756 2204 866 2274 dignun.
909 2218 936 2259 et
955 2204 1056 2259 Livius.
1074 2204 1222 2259 Massinissa
1240 2207 1309 2277 ipse,
1327 2208 1423 2260 Poenos

356 2291 407 2345 Sed
423 2299 514 2359 prater
533 2286 584 2335 alia
603 2284 724 2356 equidem,
744 2297 793 2337 eto.
814 2280 868 2346 (sic
909 2283 1027 2338 devictos
1046 2286 1147 2356 argenti
1166 2286 1286 2359 quinque
1303 2286 1423 2339 millibus

355 2358 451 2443 prius).
464 2368 496 2419 In
510 2377 561 2418 ret.
576 2362 637 2417 cod.
654 2382 742 2435 «opus
756 2364 869 2434 proseri·
908 2360 1001 2435 pondo
1015 2364 1148 2430 multavit,
1170 2378 1234 2419 teste
1250 2365 1345 2418 eodem
1367 2370 1422 2435 ap·

356 2450 447 2522 ptione
458 2445 578 2516 dignum,
590 2442 635 2497 sed
647 2442 776 2515 Spartaci.
787 2444 869 2515 Equi·
909 2444 1040 2516 piano,p.
1051 2449 1098 2506 Ia.
1108 2443 1187 2515 Apud
1195 2446 1253 2499 Lir.
1264 2446 1423 2512 XXXVIII,

356 2528 418 2584 dem
432 2526 516 2581 miror
528 2523 677 2596 populum,
692 2534 766 2575 etc·
789 2522 868 2576 Pina.
910 2521 983 2597 quod
1005 2522 1085 2576 AEtoli
1103 2522 1236 2578 redimere
1255 2538 1364 2598 argento
1378 2544 1425 2598 pa·

357 2639 397 2652 --
411 2608 589 2675 Prnrcriptiane
600 2603 708 2674 dignans.
726 2604 792 2656 Rem
805 2621 870 2674 pro·
910 2621 969 2657 cetu
985 2615 1032 2656 aut
1045 2603 1160 2670 nollent,
1172 2618 1281 2658 autnon
1290 2608 1424 2670 valerent,

356 2687 500 2761 scriptione
512 2682 628 2755 dignam.
640 2683 730 2735 Hann.
912 2684 1003 2754 iniqua
1020 2683 1142 2754 imposita
1165 2683 1298 2749 conditio,
1324 2711 1336 2733 ι
1352 2697 1383 2737 ut
1401 2686 1424 2738 si

402 2786 444 2836 19·
469 2763 520 2818 Sed
537 2761 657 2832 Spartaci.
686 2762 805 2832 Dignus,
829 2761 871 2814 in·
912 2760 1424 2828 aurumdaremallent,·facerentsane:

357 2847 427 2920 quit.
443 2843 576 2897 Antonius
586 2842 633 2913 qui
648 2841 684 2894 ob
695 2841 746 2894 hoc
759 2842 873 2912 proscri·
916 2869 928 2891 ι
943 2839 1009 2894 ‹lurn
1022 2859 1073 2912 pro
1083 2843 1213 2915 argenteis
1224 2844 1317 2899 decem
1327 2863 1426 2900 aureus

357 2929 476 2988 beretur,
488 2940 542 2975 non
557 2940 572 2973 a
585 2921 672 2992 Sylla,
688 2920 773 2974 aliove
787 2920 871 2974 consi·
913 2939 983 2975 unus
994 2921 1110 2975 valeret:
1126 2949 1136 2971 ·
1150 2943 1232 2996 quum
1243 2927 1345 2996 justum
1359 2938 1426 2978 esset

359 3004 431 3072 mili,
444 3001 490 3058 sed
501 3021 517 3056 a
530 3001 657 3072 Spartaco
676 2999 823 3070 gladiatore
842 3019 872 3054 ac
913 3019 1024 3054 aureum
1035 3019 1120 3055 unum
1130 3005 1262 3075 argenteis
1273 3005 1359 3057 multo
1368 3005 1426 3074 plu·

359 3085 487 3158 fugitivo,
499 3082 545 3154 qni
557 3081 647 3134 rastris
658 3081 711 3133 suis
722 3079 873 3144 interdixit,
913 3082 988 3135 ribus
996 3081 1128 3134 aestimari.
1142 3081 1279 3136 Harm-
1287 3083 1356 3137 Sient
1365 3085 1426 3136 Car·

358 3185 393 3220 ne
408 3165 466 3236 quis
482 3178 578 3216 aurum
596 3161 706 3213 haberet
722 3172 767 3212 aut
778 3178 872 3230 argen·
914 3162 1011 3230 tlaagini
1025 3179 1077 3212 carn
1091 3163 1232 3215 Hannibale
1245 3167 1318 3216 aicta
1331 3169 1428 3232 argenti

361 3259 428 3299 tunt.
438 3239 872 3311 Haan.-Pr·osariptiarredlgrmru‚
911 3241 995 3312 paredo
1006 3261 1088 3293 aaran
1107 3246 1133 3294 in
1146 3248 1321 3315 qunagnagr'nta
1340 3263 1424 3295 anaor.

360 3325 404 3378 aad
415 3321 537 3395 Spartaci.
553 3321 669 3393 Eqrrr'denr
681 3324 762 3384 miror,
774 3333 826 3373 eto.
840 3323 874 3373 In
915 3322 956 3374 Ita
969 3321 1031 3374 libri
1041 3339 1134 3376 omnes
1142 3323 1198 3376 sere
1211 3336 1268 3375 tum
1280 3324 1357 3378 MSS.
1370 3337 1426 3376 tum

360 3402 436 3459 libris
442 3401 565 3474 vulgatis,
578 3426 589 3448 ι
602 3419 669 3472 opus
679 3399 874 3471 proscriptione
917 3398 993 3453 editi.
1008 3400 1103 3453 Nullus
1117 3413 1188 3454 certe
1202 3417 1317 3473 quantus
1329 3404 1375 3456 ille
1386 3421 1427 3455 ar·

360 3483 478 3555 dignum.
500 3477 552 3535 sat
565 3479 726 3552 prasteralia
744 3478 870 3550 equidem
915 3480 988 3550 genti
1013 3498 1141 3533 numerus
1163 3482 1258 3548 fuerit,
1279 3481 1368 3537 docet.
1386 3485 1428 3549 Is,

362 3564 454 3627 miror,
467 3587 478 3609 ι
497 3559 680 3633 pessumdata,
701 3571 730 3614 ut
746 3572 872 3630 apparet,
915 3577 999 3631 quum
1009 3558 1428 3616 ducentorumfuisseanauorum

360 3639 789 3710 sententiasomnielegantia‚quaa
796 3639 874 3709 Spar·
916 3639 1075 3692 talentorum
1091 3639 1120 3691 in
1135 3639 1326 3713 quinquagium
1346 3660 1429 3695 anuos

361 3723 412 3776 taoi
431 3722 475 3775 illa
496 3719 687 3794 proscriptione
709 3719 872 3782 continetur,
916 3719 1052 3789 prioribus
1076 3721 1146 3772 notis
1173 3739 1205 3773 ex
1232 3722 1355 3794 Appiano
1379 3719 1429 3774 do·

362 3814 393 3856 ut
405 3801 622 3872 interpretatione
634 3812 724 3852 nostra
736 3798 874 3868 prioribus
916 3798 1067 3863 caeritum,
1083 3799 1214 3871 Lirioque
1233 3818 1240 3853 :
1256 3800 1327 3854 haud
1348 3799 1431 3852 dubie

363 3882 434 3934 notia
442 3878 612 3934 ostendimus.
623 3880 727 3932 Habent
736 3878 876 3942 basroces,
920 3895 1009 3931 annua
1022 3876 1166 3931 duodecim
1178 3879 1269 3952 pondo
1280 3880 1362 3934 millia
1375 3897 1431 3932 esse

363 3963 407 4014 aad
418 3959 543 4031 Spartaci,
560 3955 664 4011 codices
677 3956 874 4027 probatissimi,
920 3959 1070 4028 oportuisse
1081 3961 1249 4030 perspicuum
1258 3973 1305 4012 est.
1315 3960 1349 4013 tl.

364 4043 429 4111 Reg.
442 4031 630 4109 mouerique,
641 4049 740 4108 atquos
749 4035 875 4101 vidimus,
962 4055 989 4090 a.
1011 4039 1120 4107 Argenti
1142 4041 1233 4109 parm.
1258 4040 1297 4090 Ut
1321 4037 1431 4110 quidem

364 4133 392 4173 et
420 4137 487 4192 quoa
508 4129 654 4171 tractarunt
680 4117 818 4169 Pintianns
844 4133 875 4168 ac
920 4116 1059 4188 Appianas
1080 4117 1226 4191 Liviusque
1247 4117 1355 4183 dixere,
1380 4116 1433 4171 du·

364 4199 504 4256 Barbarus.
515 4198 604 4252 Haeo.
921 4208 997 4250 centa
1011 4197 1125 4264 talenta,
1139 4212 1170 4252 ut
1183 4200 1264 4271 paulo
1276 4217 1356 4270 supra
1374 4217 1434 4252 nso·
