3100 5125
352 546 421 637 492
627 541 666 607 c.
691 533 858 605 rursu
883 499 1142 602 unumst.

350 671 643 759 videmus‚brevi¹¹
654 671 772 740 lacinia
792 667 892 736 millia
909 691 1065 762 passuum
1080 665 1176 762 plura
1188 664 1419 736 ambulationis

349 783 592 863 continentem,
612 777 669 847 sed
688 776 812 846 crebris
831 773 958 843 foribus
971 772 1093 859 inditis,
1115 771 1158 840 ad
1178 771 1342 841 fallendos
1362 795 1418 840 oc·

349 912 481 969 cursus,
501 884 772 978 redeundumque
792 882 826 949 in
844 903 972 948 errores
996 878 1141 948 eosdem.
1167 877 1342 947 Secundus
1364 877 1418 945 hic

350 993 411 1062 fuit
424 993 467 1060 ab
477 993 632 1085 AEgyptio
646 987 875 1083 labyrinthus:
893 987 1008 1056 tertius
1021 987 1055 1053 in
1066 988 1211 1054 Lemno:
1229 997 1368 1078 quartus
1386 983 1419 1050 in

237 1134 241 1141 ·
316 1098 454 1168 altaha.
478 1100 605 1167 Omnes
629 1095 737 1191 lapide
756 1093 861 1189 polito
882 1091 1062 1161 fornicibus
1083 1092 1183 1160 tecti:
1204 1085 1418 1220 AEgyptius¹’‚

350 1206 441 1301 quod
470 1205 573 1273 miror
602 1202 771 1298 equidem,
799 1199 938 1268 introitu
965 1196 1075 1292 lapide
1105 1222 1123 1266 e
1146 1195 1257 1266 Pario¹
1295 1192 1417 1265 :colu-

350 1313 435 1380 mnis
454 1309 605 1405 reliquis,
619 1334 637 1378 e
653 1310 786 1404 syenite
802 1332 811 1375 ε
832 1304 973 1374 molibus
984 1304 1193 1398 compositis,
1205 1326 1287 1397 quas
1303 1299 1418 1370 dissol-

350 1443 428 1488 vere
447 1442 489 1486 ne
506 1415 625 1487 saecula
643 1415 775 1510 quidem
789 1413 935 1507 possint3
949 1409 1182 1505 adjuvantibus
1194 1406 1418 1500 Heracleopo·

350 1524 431 1611 litis,
451 1525 508 1618 qui
529 1523 563 1592 id
583 1547 668 1618 opus
684 1505 860 1590 invisum¹⁴
883 1519 966 1586 mire
988 1515 1196 1586 infestavere.
1216 1515 1417 1584 Positionem

349 1631 458 1725 operis
476 1630 546 1722 ejus
558 1615 582 1652 ¹⁵
599 1627 809 1723 singulasque
853 1637 940 1694 artes
961 1645 1116 1692 enarrare
1136 1645 1204 1691 non
1226 1635 1297 1704 est,
1315 1643 1416 1714 quum

350 1738 392 1807 sit
423 1738 458 1806 in
484 1737 636 1828 regiones
664 1729 860 1816 divisum¹‚
891 1743 989 1824 atque
1015 1731 1050 1798 iu
1072 1727 1314 1824 praefecturas,
1338 1749 1418 1820 quas

351 1955 451 2009 httmili
461 1957 534 2009 bnxo
553 1955 594 2009 rel
608 1955 691 2007 herba
705 1951 863 2023 procinctos
908 1947 973 2003 libb.
986 1976 998 1998 a
1009 1951 1055 2022 qni
1070 1949 1098 2004 id
1110 1969 1178 2024 opus
1188 1953 1215 2006 in
1227 1973 1286 2012 usn.
1299 1983 1310 2007 ι
1327 1959 1416 2012 Hanc.

351 2034 471 2101 (Plinius
478 2035 599 2089 laciniam
607 2025 702 2102 voest)
715 2033 800 2085 millia
808 2049 865 2102 pss-
950 2031 996 2084 15.
1008 2030 1152 2084 Positionera
1159 2037 1237 2104 operis
1244 2039 1303 2107 rjai.
1311 2037 1418 2110 Elegia.

351 2135 428 2169 sunm
438 2116 515 2187 plara
529 2115 717 2168 coniiciuntur.
730 2113 823 2166 lirun.
907 2121 949 2163 ter
962 2129 976 2162 s
990 2111 1061 2165 Mela
1074 2109 1248 2176 describitur,
1258 2117 1305 2171 lib.
1320 2120 1416 2190 I‚csp.

395 2214 439 2249 rr.
450 2195 531 2248 Breve.
543 2193 645 2247 Humili
661 2194 743 2246 instar
752 2192 864 2258 lacinias,
908 2208 942 2258 9,
955 2209 1015 2262 pag.
1040 2193 1074 2246 13
1091 2209 1098 2244 :
1122 2217 1135 2240 a
1148 2193 1333 2250 Psammetichi
1351 2215 1416 2268 opas

351 2276 423 2328 buxo
436 2275 581 2328 velherbs.
598 2274 687 2327 Haeo.
800 2265 804 2274 ¹
908 2269 1092 2340 ltbyrlntbuts
1112 2269 1208 2326 domos
1223 2287 1264 2328 ter·
1278 2277 1374 2342 mille,
1392 2289 1417 2328 et

394 2373 439 2408 rr.
454 2355 599 2426 AEmtr'us.
609 2352 744 2407 Diodorus
755 2355 863 2424 quidem
907 2349 993 2421 regias
1000 2349 1142 2404 duodecim
1152 2391 1159 2416 ‚
1171 2367 1302 2426 perpetuo
1312 2356 1419 2428 parietis

350 2433 561 2504 ingredientibus
572 2433 644 2485 illins
653 2432 769 2503 sepulcri
780 2433 865 2486 ambi·
906 2430 1009 2484 ambitu
1022 2432 1166 2501 amplexus,
1177 2451 1310 2489 marmore
1320 2449 1418 2490 exstru-

351 2525 419 2577 tum,
429 2512 540 2568 domurn
552 2513 698 2567 occurrisse
707 2511 803 2579 tradit,
816 2531 864 2567 co·
907 2523 965 2565 ctus
978 2528 1009 2562 sc
1023 2523 1124 2575 tectus,
1138 2529 1221 2566 unurn
1233 2515 1261 2567 in
1270 2534 1299 2569 se
1311 2513 1417 2570 deseen-

350 2594 450 2647 lamnis
470 2593 665 2648 circumfultam
693 2607 808 2665 quatuor
827 2592 863 2648 sd
907 2610 966 2653 surra
979 2591 1159 2658 tabentium
1173 2596 1417 2663 prene'innnrnere·

350 2672 489 2745 quodlibet
506 2673 574 2726 latus
592 2672 690 2743 positis.
706 2674 807 2727 Dauno.
821 2704 863 2715 -
907 2670 974 2723 biles
987 2671 1057 2735 vius,
1069 2685 1119 2725 etc.
1130 2698 1141 2720 ι
1155 2672 1247 2727 Hann.

352 2755 504 2823 Quodrrrr'mr
511 2753 625 2826 equidem.
633 2754 725 2805 Mirari
730 2755 791 2823 J'ure
801 2754 863 2807 sub·
954 2754 998 2803 ¹6.
1012 2752 1041 2803 ln
1061 2756 1168 2821 regiones
1185 2753 1303 2819 duleum,
1316 2766 1366 2808 etc.
1382 2755 1418 2807 Ut

349 2834 386 2897 it,
399 2851 482 2904 quum
499 2836 630 2903 AEgyptns
643 2844 683 2885 tot
698 2851 861 2887 marmorum
906 2830 1071 2903 intelligatur
1082 2832 1128 2883 illa
1142 2831 1289 2905 labyrinthi
1302 2832 1418 2899 divisio,

349 2911 422 2965 domi
443 2912 586 2984 generibus
605 2909 739 2975 abundet,
760 2930 775 2964 e
792 2912 861 2966 Paro
906 2928 1012 2964 necesse
1032 2924 1069 2963 est
1084 2910 1173 2963 animo
1187 2914 1331 2985 concipere
1345 2912 1418 2966 villss

348 2993 497 3063 transiisse,
508 3004 538 3044 ut
551 2990 585 3044 ad
607 2990 731 3044 introitus
743 2992 862 3062 labyrin·
906 2988 1074 3062 imperatoris
1093 2990 1214 3044 Sinarum
1228 3014 1234 3044 :
1250 2994 1417 3047 manilestum

348 3072 388 3125 tbi
400 3073 535 3125 columnas
544 3090 576 3123 ex
585 3090 618 3124 eo
630 3068 776 3129 excideret,
789 3090 861 3125 eom·
905 3082 944 3124 est
953 3070 1023 3123 enim
1034 3068 1105 3122 idem
1117 3088 1173 3123 esse
1182 3073 1329 3145 exemplar.
1338 3070 1416 3137 Quod

348 3165 513 3223 poneretque
519 3150 863 3222 structisexeolspidemo·
905 3148 1024 3203 indicare
1038 3168 1109 3203 nunc
1118 3148 1232 3216 sufficit,
1244 3171 1328 3225 quum
1339 3150 1367 3204 id
1376 3152 1416 3205 su·

349 3232 428 3284 libus.
440 3233 531 3284 lirun.
905 3229 959 3281 sins
971 3230 1092 3301 persequi
1104 3248 1159 3281 non
1172 3230 1232 3283 licet
1241 3232 1417 3303 perhancno-

283 3354 287 3360 .
393 3312 437 3364 13.
452 3312 556 3363 Introire
568 3310 650 3379 lapids
659 3331 674 3361 e
686 3309 771 3363 Pario.
783 3311 861 3365 Prius
906 3322 1019 3362 strsrum
1034 3322 1156 3361 notarum
1168 3310 1333 3365 brevitatem.
1344 3309 1374 3363 Ρ.
1380 3309 1417 3363 Si·

349 3388 861 3462 lcgebatur‚«introitulapidiscolnm-
906 3388 979 3442 eard.
1001 3387 1079 3441 docet
1097 3400 1182 3442 totum
1204 3390 1323 3461 spatium
1343 3390 1416 3459 leby-

348 3471 445 3541 nisqne
458 3468 607 3539 reliquis,e
623 3470 862 3541 molibusconrpo-
906 3468 989 3521 rinthi
1008 3465 1167 3541 quadratum
1191 3486 1262 3534 esse,
1285 3482 1313 3523 et
1328 3481 1415 3541 petere

348 3550 412 3603 sitis.
424 3576 436 3598 ι
450 3548 561 3619 hdjnrit
573 3551 861 3621 promorltqueemen-
906 3546 1081 3620 quadrantem
1103 3548 1181 3602 unius
1203 3549 1295 3603 leucae.
1318 3548 1376 3601 lloc
1389 3548 1415 3601 in

348 3627 483 3683 dationem
502 3631 565 3699 lleg.
581 3627 642 3682 eod.
659 3649 691 3693 s,
713 3630 741 3681 in
755 3649 811 3700 quo
824 3630 862 3684 sic
906 3628 993 3698 spatio
1007 3626 1091 3680 videri
1109 3628 1218 3699 triginta
1231 3630 1312 3682 colles
1326 3629 1416 3699 opple·

348 3710 460 3780 legitur,
476 3735 488 3756 ι
505 3708 623 3762 lutroitu
638 3706 735 3779 lapidis
749 3727 764 3761 e
778 3709 861 3775 Pam,
906 3720 948 3761 tos
961 3708 1061 3772 ruinis,
1074 3706 1122 3759 ubi
1134 3708 1209 3761 inere
1221 3721 1300 3763 vastat
1311 3707 1415 3761 illudo·

348 3790 479 3842 oolnmnis
492 3787 601 3860 reliquae
615 3787 730 3860 Syenites
745 3789 862 3843 molibus
906 3805 965 3840 mus
981 3786 1093 3841 sedecim
1108 3789 1324 3858 prefecturamm
1337 3791 1415 3859 AEgy-

349 3868 531 3940 compositis.-
547 3869 590 3921 Sic
601 3867 679 3919 etiam
694 3866 812 3921 Colbert.
829 3868 862 3935 3,
906 3867 959 3938 pti,
976 3868 1019 3920 illa
1044 3867 1141 3939 templs
1167 3869 1289 3921 omnium
1313 3868 1414 3940 AEgypti

349 3947 449 4019 aliique
461 3947 621 4019 probatioris
630 3958 709 4000 notss.
721 3946 806 3999 H.-—
818 3947 861 4005 Sic
907 3946 1028 4009 deorum,
1043 3945 1194 4019 quindecim
1209 3948 1262 4002 ille
1276 3948 1414 4009 Nemeses,

351 4026 424 4079 Brot.
434 4025 591 4098 distinguit:
606 4048 620 4077 e
634 4026 710 4077 Pario
723 4028 860 4084 eolumrrb:
906 4045 952 4079 seu
968 4024 1121 4098 quindecim
1141 4026 1261 4081 Nemesis
1283 4025 1413 4084 edicula·

352 4105 448 4177 reliquis
458 4128 472 4158 e
484 4106 582 4179 Syenite
594 4106 712 4172 molibus,
724 4120 775 4160 ete.
789 4107 841 4163 Eo.
905 4106 1057 4179 pyramides
1068 4126 1182 4178 querum
1195 4124 1337 4185 seneprns
1347 4104 1415 4159 radi·

395 4192 439 4249 sl.
461 4187 512 4256 Qui
530 4187 558 4239 r'd
575 4206 633 4256 opes
651 4189 759 4241 urtam.
785 4187 860 4245 MSS.
905 4203 966 4239 curn
979 4187 1125 4259 labyrinthi
1139 4188 1302 4243 obtinerent.
1317 4187 1401 4243 Reor.
