<?xml version="1.0" encoding="UTF-8"?>
<!DOCTYPE html PUBLIC "-//W3C//DTD XHTML 1.0 Transitional//EN"
    "http://www.w3.org/TR/xhtml1/DTD/xhtml1-transitional.dtd">
<html xmlns="http://www.w3.org/1999/xhtml" xml:lang="en" lang="en">
 <head>
  <title>
</title>
<meta http-equiv="Content-Type" content="text/html;charset=utf-8" />
  <meta name='ocr-system' content='tesseract 3.04.00' />
  <meta name='ocr-capabilities' content='ocr_page ocr_carea ocr_par ocr_line ocrx_word'/>
</head>
<body>
  <div class='ocr_page' id='page_1' title='image "./caiipliniisecun00hardgoog_0108.png"; bbox 0 0 3100 5125; ppageno 0'>
   <div class='ocr_carea' id='block_1_1' title="bbox 308 506 1405 736">
    <p class='ocr_par' dir='ltr' id='par_1_1' title="bbox 308 506 1405 736">
     <span class='ocr_line' id='line_1_1' title="bbox 348 506 1128 582; baseline -0.014 0"><span class='ocrx_word' id='word_1_1' title='bbox 348 538 413 582; x_wconf 86' lang='lat' dir='ltr'><strong>too</strong></span> <span class='ocrx_word' id='word_1_2' title='bbox 615 512 654 579; x_wconf 89' lang='lat' dir='ltr'><strong>C.</strong></span> <span class='ocrx_word' id='word_1_3' title='bbox 681 507 844 578; x_wconf 87' lang='lat' dir='ltr'>PLINII</span> <span class='ocrx_word' id='word_1_4' title='bbox 868 506 900 577; x_wconf 88' lang='lat' dir='ltr'>N</span> <span class='ocrx_word' id='word_1_5' title='bbox 908 508 976 575; x_wconf 85' lang='lat' dir='ltr'><strong>AT.</strong></span> <span class='ocrx_word' id='word_1_6' title='bbox 1002 506 1128 575; x_wconf 82' lang='lat' dir='ltr'><strong>lllST.</strong></span> 
     </span>
     <span class='ocr_line' id='line_1_2' title="bbox 308 612 1405 736; baseline -0.007 -18"><span class='ocrx_word' id='word_1_7' title='bbox 308 684 325 717; x_wconf 68' lang='lat' dir='ltr'><strong>a</strong></span> <span class='ocrx_word' id='word_1_8' title='bbox 343 646 464 731; x_wconf 87' lang='lat' dir='ltr'><strong>modis,</strong></span> <span class='ocrx_word' id='word_1_9' title='bbox 485 642 573 713; x_wconf 90' lang='lat' dir='ltr'><strong>unde</strong></span> <span class='ocrx_word' id='word_1_10' title='bbox 583 642 694 736; x_wconf 67' lang='lat' dir='ltr'><strong>praeda</strong></span> <span class='ocrx_word' id='word_1_11' title='bbox 708 612 882 711; x_wconf 68' lang='lat' dir='ltr'><strong>societatil.</strong></span> <span class='ocrx_word' id='word_1_12' title='bbox 903 638 1056 733; x_wconf 83' lang='lat' dir='ltr'><strong>Namque</strong></span> <span class='ocrx_word' id='word_1_13' title='bbox 1067 622 1283 709; x_wconf 86' lang='lat' dir='ltr'><strong>estalterum¹</strong></span> <span class='ocrx_word' id='word_1_14' title='bbox 1299 662 1405 735; x_wconf 84' lang='lat' dir='ltr'><strong>genus</strong></span> 
     </span>
    </p>
   </div>
   <div class='ocr_carea' id='block_1_2' title="bbox 309 743 1409 2014">
    <p class='ocr_par' dir='ltr' id='par_1_2' title="bbox 309 743 1409 2014">
     <span class='ocr_line' id='line_1_3' title="bbox 343 743 1403 842; baseline -0.008 -18"><span class='ocrx_word' id='word_1_15' title='bbox 343 757 379 824; x_wconf 88' lang='lat' dir='ltr'><strong>in</strong></span> <span class='ocrx_word' id='word_1_16' title='bbox 395 750 549 822; x_wconf 87' lang='lat' dir='ltr'><strong>omnibus</strong></span> <span class='ocrx_word' id='word_1_17' title='bbox 567 748 636 817; x_wconf 87' lang='lat' dir='ltr'><strong>fere</strong></span> <span class='ocrx_word' id='word_1_18' title='bbox 651 747 861 842; x_wconf 83' lang='lat' dir='ltr'><strong>argentariis,</strong></span> <span class='ocrx_word' id='word_1_19' title='bbox 882 746 1027 839; x_wconf 83' lang='lat' dir='ltr'>itemque</span> <span class='ocrx_word' id='word_1_20' title='bbox 1045 743 1237 840; x_wconf 81' lang='lat' dir='ltr'><strong>plumbariis</strong></span> <span class='ocrx_word' id='word_1_21' title='bbox 1248 744 1403 831; x_wconf 82' lang='lat' dir='ltr'><strong>metallis,</strong></span> 
     </span>
     <span class='ocr_line' id='line_1_4' title="bbox 341 848 1406 971; baseline -0.008 -42"><span class='ocrx_word' id='word_1_22' title='bbox 341 857 433 955; x_wconf 90' lang='lat' dir='ltr'><strong>quod</strong></span> <span class='ocrx_word' id='word_1_23' title='bbox 452 856 492 925; x_wconf 86' lang='lat' dir='ltr'><strong>lit</strong></span> <span class='ocrx_word' id='word_1_24' title='bbox 502 868 618 925; x_wconf 84' lang='lat' dir='ltr'><strong>exusto</strong></span> <span class='ocrx_word' id='word_1_25' title='bbox 639 852 747 948; x_wconf 86' lang='lat' dir='ltr'><strong>lapide</strong></span> <span class='ocrx_word' id='word_1_26' title='bbox 767 854 861 922; x_wconf 81' lang='lat' dir='ltr'><strong>venis</strong></span> <span class='ocrx_word' id='word_1_27' title='bbox 876 852 1059 945; x_wconf 84' lang='lat' dir='ltr'><strong>permixto,</strong></span> <span class='ocrx_word' id='word_1_28' title='bbox 1074 874 1142 919; x_wconf 93' lang='lat' dir='ltr'><strong>non</strong></span> <span class='ocrx_word' id='word_1_29' title='bbox 1160 874 1201 919; x_wconf 85' lang='lat' dir='ltr'><strong>ex</strong></span> <span class='ocrx_word' id='word_1_30' title='bbox 1220 848 1276 921; x_wconf 90' lang='lat' dir='ltr'><strong>illo</strong></span> <span class='ocrx_word' id='word_1_31' title='bbox 1283 852 1406 971; x_wconf 78' lang='lat' dir='ltr'><strong>,cujus</strong></span> 
     </span>
     <span class='ocr_line' id='line_1_5' title="bbox 342 948 1406 1055; baseline -0.006 -22"><span class='ocrx_word' id='word_1_32' title='bbox 342 965 507 1036; x_wconf 87' lang='lat' dir='ltr'><strong>vomicam</strong></span> <span class='ocrx_word' id='word_1_33' title='bbox 514 960 720 1055; x_wconf 82' lang='lat' dir='ltr'><strong>⁹argentum</strong></span> <span class='ocrx_word' id='word_1_34' title='bbox 736 960 849 1027; x_wconf 84' lang='lat' dir='ltr'><strong>rivum</strong></span> <span class='ocrx_word' id='word_1_35' title='bbox 865 956 1105 1053; x_wconf 85' lang='lat' dir='ltr'><strong>appellavimus</strong></span> <span class='ocrx_word' id='word_1_36' title='bbox 1116 948 1152 1045; x_wconf 95' lang='lat'><strong>(</strong></span> <span class='ocrx_word' id='word_1_37' title='bbox 1143 981 1170 1027; x_wconf 86' lang='lat' dir='ltr'><strong>rs</strong></span> <span class='ocrx_word' id='word_1_38' title='bbox 1187 958 1274 1027; x_wconf 90' lang='lat' dir='ltr'><strong>enim</strong></span> <span class='ocrx_word' id='word_1_39' title='bbox 1288 971 1321 1027; x_wconf 86' lang='lat' dir='ltr'><strong>et</strong></span> <span class='ocrx_word' id='word_1_40' title='bbox 1335 958 1406 1051; x_wconf 88' lang='lat' dir='ltr'><strong>ipse</strong></span> 
     </span>
     <span class='ocr_line' id='line_1_6' title="bbox 342 1057 1403 1165; baseline -0.006 -25"><span class='ocrx_word' id='word_1_41' title='bbox 342 1074 377 1141; x_wconf 93' lang='lat' dir='ltr'><strong>in</strong></span> <span class='ocrx_word' id='word_1_42' title='bbox 411 1083 585 1165; x_wconf 84' lang='lat' dir='ltr'><strong>argentum</strong></span> <span class='ocrx_word' id='word_1_43' title='bbox 607 1057 855 1160; x_wconf 76' lang='lat' dir='ltr'><strong>excoquiturlt</strong></span> <span class='ocrx_word' id='word_1_44' title='bbox 884 1064 942 1134; x_wconf 87' lang='lat' dir='ltr'><strong>sed</strong></span> <span class='ocrx_word' id='word_1_45' title='bbox 969 1089 1010 1132; x_wconf 85' lang='lat' dir='ltr'><strong>ex</strong></span> <span class='ocrx_word' id='word_1_46' title='bbox 1041 1062 1112 1133; x_wconf 84' lang='lat' dir='ltr'><strong>aliis</strong></span> <span class='ocrx_word' id='word_1_47' title='bbox 1138 1060 1235 1132; x_wconf 87' lang='lat' dir='ltr'><strong>simul</strong></span> <span class='ocrx_word' id='word_1_48' title='bbox 1255 1066 1403 1159; x_wconf 77' lang='lat' dir='ltr'><strong>repertis.</strong></span> 
     </span>
     <span class='ocr_line' id='line_1_7' title="bbox 343 1162 1406 1289; baseline -0.006 -42"><span class='ocrx_word' id='word_1_49' title='bbox 343 1173 509 1247; x_wconf 86' lang='lat' dir='ltr'><strong>Steriles¹¹</strong></span> <span class='ocrx_word' id='word_1_50' title='bbox 523 1176 622 1243; x_wconf 75' lang='grc' dir='ltr'><strong>ιιιιιιιιι</strong></span> <span class='ocrx_word' id='word_1_51' title='bbox 648 1170 775 1265; x_wconf 91' lang='lat' dir='ltr'><strong>plumbi</strong></span> <span class='ocrx_word' id='word_1_52' title='bbox 797 1162 1092 1289; x_wconf 86' lang='lat' dir='ltr'><strong>deprehenduntur</strong></span> <span class='ocrx_word' id='word_1_53' title='bbox 1109 1194 1170 1239; x_wconf 90' lang='lat' dir='ltr'><strong>suo</strong></span> <span class='ocrx_word' id='word_1_54' title='bbox 1188 1168 1319 1257; x_wconf 81' lang='lat' dir='ltr'><strong>colore,</strong></span> <span class='ocrx_word' id='word_1_55' title='bbox 1342 1194 1406 1242; x_wconf 85' lang='lat' dir='ltr'><strong>nec</strong></span> 
     </span>
     <span class='ocr_line' id='line_1_8' title="bbox 341 1224 1404 1370; baseline -0.007 -18"><span class='ocrx_word' id='word_1_56' title='bbox 341 1285 404 1353; x_wconf 83' lang='lat' dir='ltr'><strong>nisi</strong></span> <span class='ocrx_word' id='word_1_57' title='bbox 431 1283 466 1350; x_wconf 90' lang='lat' dir='ltr'><strong>in</strong></span> <span class='ocrx_word' id='word_1_58' title='bbox 497 1278 687 1349; x_wconf 81' lang='lat' dir='ltr'><strong>fornacibus</strong></span> <span class='ocrx_word' id='word_1_59' title='bbox 720 1278 931 1347; x_wconf 88' lang='lat' dir='ltr'><strong>rubescentes</strong></span> <span class='ocrx_word' id='word_1_60' title='bbox 959 1276 1128 1370; x_wconf 80' lang='lat' dir='ltr'><strong>exustique</strong></span> <span class='ocrx_word' id='word_1_61' title='bbox 1151 1224 1379 1346; x_wconf 83' lang='lat' dir='ltr'><strong>tundunttir</strong></span> <span class='ocrx_word' id='word_1_62' title='bbox 1370 1302 1404 1345; x_wconf 88' lang='grc' dir='ltr'><strong>ιιι</strong></span> 
     </span>
     <span class='ocr_line' id='line_1_9' title="bbox 343 1380 1405 1514; baseline -0.007 -56"><span class='ocrx_word' id='word_1_63' title='bbox 343 1388 491 1458; x_wconf 86' lang='lat' dir='ltr'><strong>farinam.</strong></span> <span class='ocrx_word' id='word_1_64' title='bbox 502 1390 546 1455; x_wconf 90' lang='lat' dir='ltr'><strong>Et</strong></span> <span class='ocrx_word' id='word_1_65' title='bbox 557 1386 623 1455; x_wconf 90' lang='lat' dir='ltr'><strong>hoc</strong></span> <span class='ocrx_word' id='word_1_66' title='bbox 635 1398 686 1454; x_wconf 87' lang='lat' dir='ltr'><strong>est</strong></span> <span class='ocrx_word' id='word_1_67' title='bbox 698 1380 962 1453; x_wconf 83' lang='lat' dir='ltr'><strong>secundarium</strong></span> <span class='ocrx_word' id='word_1_68' title='bbox 975 1404 1280 1477; x_wconf 84' lang='lat' dir='ltr'><strong>mrnrumperquam</strong></span> <span class='ocrx_word' id='word_1_69' title='bbox 1290 1407 1405 1514; x_wconf 79' lang='lat' dir='ltr'><strong>paucis</strong></span> 
     </span>
     <span class='ocr_line' id='line_1_10' title="bbox 309 1474 1406 1584; baseline -0.005 -21"><span class='ocrx_word' id='word_1_70' title='bbox 309 1508 478 1580; x_wconf 69' lang='lat' dir='ltr'><strong>anctum,</strong></span> <span class='ocrx_word' id='word_1_71' title='bbox 493 1490 635 1561; x_wconf 91' lang='lat' dir='ltr'><strong>multum</strong></span> <span class='ocrx_word' id='word_1_72' title='bbox 651 1489 736 1558; x_wconf 81' lang='lat' dir='ltr'><strong>inira</strong></span> <span class='ocrx_word' id='word_1_73' title='bbox 756 1486 954 1559; x_wconf 82' lang='lat' dir='ltr'><strong>naturales¹¹</strong></span> <span class='ocrx_word' id='word_1_74' title='bbox 975 1486 1185 1558; x_wconf 86' lang='lat' dir='ltr'><strong>illusnrenas</strong></span> <span class='ocrx_word' id='word_1_75' title='bbox 1203 1474 1308 1559; x_wconf 83' lang='lat' dir='ltr'><strong>Hoc¹¹</strong></span> <span class='ocrx_word' id='word_1_76' title='bbox 1325 1512 1406 1584; x_wconf 82' lang='lat' dir='ltr'><strong>ergo</strong></span> 
     </span>
     <span class='ocr_line' id='line_1_11' title="bbox 343 1582 1406 1691; baseline -0.006 -22"><span class='ocrx_word' id='word_1_77' title='bbox 343 1599 549 1670; x_wconf 86' lang='lat' dir='ltr'><strong>adulteratur</strong></span> <span class='ocrx_word' id='word_1_78' title='bbox 569 1598 708 1666; x_wconf 90' lang='lat' dir='ltr'><strong>minium</strong></span> <span class='ocrx_word' id='word_1_79' title='bbox 725 1596 761 1664; x_wconf 92' lang='lat' dir='ltr'><strong>in</strong></span> <span class='ocrx_word' id='word_1_80' title='bbox 779 1594 921 1665; x_wconf 85' lang='lat' dir='ltr'><strong>officinis</strong></span> <span class='ocrx_word' id='word_1_81' title='bbox 940 1582 1139 1665; x_wconf 78' lang='lat' dir='ltr'><strong>sociorum¹¹</strong></span> <span class='ocrx_word' id='word_1_82' title='bbox 1152 1596 1259 1664; x_wconf 88' lang='lat' dir='ltr'><strong>.item</strong></span> <span class='ocrx_word' id='word_1_83' title='bbox 1278 1596 1406 1691; x_wconf 83' lang='lat' dir='ltr'><strong>Syrico.</strong></span> 
     </span>
     <span class='ocr_line' id='line_1_12' title="bbox 343 1686 1407 1797; baseline -0.004 -22"><span class='ocrx_word' id='word_1_84' title='bbox 343 1708 501 1797; x_wconf 84' lang='lat' dir='ltr'><strong>Quonam</strong></span> <span class='ocrx_word' id='word_1_85' title='bbox 522 1702 783 1796; x_wconf 85' lang='lat' dir='ltr'><strong>modoSyricum</strong></span> <span class='ocrx_word' id='word_1_86' title='bbox 798 1700 876 1787; x_wconf 88' lang='lat' dir='ltr'><strong>fiat,</strong></span> <span class='ocrx_word' id='word_1_87' title='bbox 896 1726 955 1771; x_wconf 90' lang='lat' dir='ltr'><strong>suo</strong></span> <span class='ocrx_word' id='word_1_88' title='bbox 974 1686 1081 1771; x_wconf 82' lang='lat' dir='ltr'><strong>loco¹¹</strong></span> <span class='ocrx_word' id='word_1_89' title='bbox 1103 1700 1262 1771; x_wconf 86' lang='lat' dir='ltr'><strong>dicemus</strong></span> <span class='ocrx_word' id='word_1_90' title='bbox 1278 1699 1407 1771; x_wconf 87' lang='lat' dir='ltr'><strong>Snblini</strong></span> 
     </span>
     <span class='ocr_line' id='line_1_13' title="bbox 342 1806 1409 1905; baseline -0.006 -23"><span class='ocrx_word' id='word_1_91' title='bbox 342 1826 453 1883; x_wconf 83' lang='lat' dir='ltr'><strong>autem</strong></span> <span class='ocrx_word' id='word_1_92' title='bbox 471 1810 585 1905; x_wconf 82' lang='lat' dir='ltr'><strong>Syrico</strong></span> <span class='ocrx_word' id='word_1_93' title='bbox 599 1809 738 1879; x_wconf 88' lang='lat' dir='ltr'><strong>minium</strong></span> <span class='ocrx_word' id='word_1_94' title='bbox 753 1807 940 1903; x_wconf 90' lang='lat' dir='ltr'><strong>compendii</strong></span> <span class='ocrx_word' id='word_1_95' title='bbox 957 1809 1042 1877; x_wconf 88' lang='lat' dir='ltr'><strong>ratio</strong></span> <span class='ocrx_word' id='word_1_96' title='bbox 1055 1806 1269 1879; x_wconf 86' lang='lat' dir='ltr'><strong>demonstrat.</strong></span> <span class='ocrx_word' id='word_1_97' title='bbox 1286 1810 1331 1877; x_wconf 89' lang='lat' dir='ltr'><strong>Et</strong></span> <span class='ocrx_word' id='word_1_98' title='bbox 1343 1806 1409 1876; x_wconf 89' lang='lat' dir='ltr'><strong>alio</strong></span> 
     </span>
     <span class='ocr_line' id='line_1_14' title="bbox 342 1898 1409 2014; baseline -0.006 -25"><span class='ocrx_word' id='word_1_99' title='bbox 342 1918 445 1989; x_wconf 89' lang='lat' dir='ltr'><strong>modo</strong></span> <span class='ocrx_word' id='word_1_100' title='bbox 460 1917 666 2014; x_wconf 84' lang='lat' dir='ltr'><strong>pingentium</strong></span> <span class='ocrx_word' id='word_1_101' title='bbox 678 1914 770 1984; x_wconf 84' lang='lat' dir='ltr'><strong>furto</strong></span> <span class='ocrx_word' id='word_1_102' title='bbox 781 1912 1025 2010; x_wconf 87' lang='lat' dir='ltr'><strong>opportunum¹</strong></span> <span class='ocrx_word' id='word_1_103' title='bbox 1027 1898 1121 1999; x_wconf 83' lang='lat' dir='ltr'><strong>¹est,</strong></span> <span class='ocrx_word' id='word_1_104' title='bbox 1139 1911 1254 2011; x_wconf 84' lang='lat' dir='ltr'><strong>plenos</strong></span> <span class='ocrx_word' id='word_1_105' title='bbox 1269 1913 1409 1983; x_wconf 90' lang='lat' dir='ltr'><strong>subinde</strong></span> 
     </span>
    </p>
   </div>
   <div class='ocr_carea' id='block_1_3' title="bbox 343 2072 1417 4219">
    <p class='ocr_par' dir='ltr' id='par_1_3' title="bbox 343 2072 1410 2305">
     <span class='ocr_line' id='line_1_15' title="bbox 343 2072 1409 2149; baseline -0.004 -16"><span class='ocrx_word' id='word_1_106' title='bbox 343 2080 384 2133; x_wconf 83' lang='grc' dir='ltr'><strong>Χ.</strong></span> <span class='ocrx_word' id='word_1_107' title='bbox 391 2078 446 2133; x_wconf 84' lang='lat' dir='ltr'><strong>LX</strong></span> <span class='ocrx_word' id='word_1_108' title='bbox 455 2076 645 2149; x_wconf 81' lang='lat' dir='ltr'><strong>conjiciebant.</strong></span> <span class='ocrx_word' id='word_1_109' title='bbox 655 2076 708 2129; x_wconf 90' lang='lat' dir='ltr'><strong>boc</strong></span> <span class='ocrx_word' id='word_1_110' title='bbox 718 2087 766 2141; x_wconf 90' lang='lat' dir='ltr'><strong>est,</strong></span> <span class='ocrx_word' id='word_1_111' title='bbox 778 2072 856 2129; x_wconf 90' lang='lat' dir='ltr'><strong>dens-</strong></span> <span class='ocrx_word' id='word_1_112' title='bbox 944 2073 1094 2129; x_wconf 55' lang='lat' dir='ltr'><strong>insterilem</strong></span> <span class='ocrx_word' id='word_1_113' title='bbox 1095 2072 1409 2146; x_wconf 69' lang='lat' dir='ltr'><strong>lupideeinplumbariis</strong></span> 
     </span>
     <span class='ocr_line' id='line_1_16' title="bbox 345 2152 1410 2226; baseline -0.005 -13"><span class='ocrx_word' id='word_1_114' title='bbox 345 2160 401 2213; x_wconf 87' lang='lat' dir='ltr'><strong>rios</strong></span> <span class='ocrx_word' id='word_1_115' title='bbox 420 2176 464 2212; x_wconf 79' lang='lat' dir='ltr'><strong>ux.</strong></span> <span class='ocrx_word' id='word_1_116' title='bbox 491 2158 527 2209; x_wconf 77' lang='lat' dir='ltr'><strong>At</strong></span> <span class='ocrx_word' id='word_1_117' title='bbox 554 2155 736 2211; x_wconf 75' lang='lat' dir='ltr'><strong>sestertiorum</strong></span> <span class='ocrx_word' id='word_1_118' title='bbox 765 2168 855 2209; x_wconf 85' lang='lat' dir='ltr'><strong>uotam</strong></span> <span class='ocrx_word' id='word_1_119' title='bbox 901 2155 1033 2209; x_wconf 83' lang='lat' dir='ltr'><strong>metallis:</strong></span> <span class='ocrx_word' id='word_1_120' title='bbox 1047 2153 1094 2226; x_wconf 88' lang='lat' dir='ltr'><strong>qni</strong></span> <span class='ocrx_word' id='word_1_121' title='bbox 1107 2152 1182 2207; x_wconf 89' lang='lat' dir='ltr'><strong>nein</strong></span> <span class='ocrx_word' id='word_1_122' title='bbox 1196 2154 1337 2226; x_wconf 85' lang='lat' dir='ltr'><strong>plumbum</strong></span> <span class='ocrx_word' id='word_1_123' title='bbox 1349 2155 1410 2226; x_wconf 87' lang='lat' dir='ltr'><strong>qui·</strong></span> 
     </span>
     <span class='ocr_line' id='line_1_17' title="bbox 344 2233 1360 2305; baseline -0.002 -15"><span class='ocrx_word' id='word_1_124' title='bbox 344 2239 445 2291; x_wconf 88' lang='lat' dir='ltr'><strong>babent</strong></span> <span class='ocrx_word' id='word_1_125' title='bbox 456 2234 562 2289; x_wconf 82' lang='lat' dir='ltr'><strong>codices</strong></span> <span class='ocrx_word' id='word_1_126' title='bbox 569 2235 747 2289; x_wconf 78' lang='lat' dir='ltr'><strong>MSS.llaen.</strong></span> <span class='ocrx_word' id='word_1_127' title='bbox 899 2233 959 2287; x_wconf 88' lang='lat' dir='ltr'><strong>dem</strong></span> <span class='ocrx_word' id='word_1_128' title='bbox 975 2234 1086 2304; x_wconf 83' lang='lat' dir='ltr'><strong>excoqui</strong></span> <span class='ocrx_word' id='word_1_129' title='bbox 1097 2246 1217 2305; x_wconf 85' lang='lat' dir='ltr'><strong>possunt.</strong></span> <span class='ocrx_word' id='word_1_130' title='bbox 1229 2234 1320 2288; x_wconf 82' lang='lat' dir='ltr'><strong>llsnu.</strong></span> <span class='ocrx_word' id='word_1_131' title='bbox 1357 2252 1360 2259; x_wconf 94' lang='lat'>·</span> 
     </span>
    </p>

    <p class='ocr_par' dir='ltr' id='par_1_4' title="bbox 345 2312 1414 3422">
     <span class='ocr_line' id='line_1_18' title="bbox 386 2312 1411 2389; baseline -0.003 -19"><span class='ocrx_word' id='word_1_132' title='bbox 386 2336 414 2389; x_wconf 86' lang='lat'><strong>7.</strong></span> <span class='ocrx_word' id='word_1_133' title='bbox 434 2314 504 2371; x_wconf 76' lang='lat' dir='ltr'><strong>Unde</strong></span> <span class='ocrx_word' id='word_1_134' title='bbox 515 2314 602 2386; x_wconf 80' lang='lat' dir='ltr'><strong>prada</strong></span> <span class='ocrx_word' id='word_1_135' title='bbox 621 2316 737 2367; x_wconf 72' lang='lat' dir='ltr'><strong>societati.</strong></span> <span class='ocrx_word' id='word_1_136' title='bbox 753 2313 857 2367; x_wconf 70' lang='lat' dir='ltr'><strong>Retices</strong></span> <span class='ocrx_word' id='word_1_137' title='bbox 942 2332 987 2368; x_wconf 90' lang='grc'><strong>11.</strong></span> <span class='ocrx_word' id='word_1_138' title='bbox 1002 2314 1038 2367; x_wconf 79' lang='lat' dir='ltr'><strong>lit</strong></span> <span class='ocrx_word' id='word_1_139' title='bbox 1056 2314 1101 2365; x_wconf 81' lang='lat' dir='ltr'><strong>irre</strong></span> <span class='ocrx_word' id='word_1_140' title='bbox 1119 2326 1155 2365; x_wconf 82' lang='lat' dir='ltr'><strong>est</strong></span> <span class='ocrx_word' id='word_1_141' title='bbox 1166 2312 1338 2367; x_wconf 72' lang='grc' dir='ltr'><strong>ιισιιιιιίανίιιιιι.</strong></span> <span class='ocrx_word' id='word_1_142' title='bbox 1355 2312 1411 2367; x_wconf 84' lang='lat' dir='ltr'><strong>No·</strong></span> 
     </span>
     <span class='ocr_line' id='line_1_19' title="bbox 345 2389 1410 2469; baseline -0.001 -19"><span class='ocrx_word' id='word_1_143' title='bbox 345 2396 464 2469; x_wconf 88' lang='lat' dir='ltr'><strong>populos</strong></span> <span class='ocrx_word' id='word_1_144' title='bbox 486 2394 595 2448; x_wconf 88' lang='lat' dir='ltr'><strong>nomine</strong></span> <span class='ocrx_word' id='word_1_145' title='bbox 618 2393 744 2466; x_wconf 80' lang='lat' dir='ltr'><strong>peculiari</strong></span> <span class='ocrx_word' id='word_1_146' title='bbox 773 2390 858 2446; x_wconf 79' lang='lat' dir='ltr'><strong>Socios</strong></span> <span class='ocrx_word' id='word_1_147' title='bbox 898 2392 959 2447; x_wconf 85' lang='lat' dir='ltr'><strong>stris</strong></span> <span class='ocrx_word' id='word_1_148' title='bbox 969 2389 1082 2466; x_wconf 89' lang='lat' dir='ltr'><strong>perinde</strong></span> <span class='ocrx_word' id='word_1_149' title='bbox 1093 2392 1269 2464; x_wconf 71' lang='lat' dir='ltr'><strong>incognitum.</strong></span> <span class='ocrx_word' id='word_1_150' title='bbox 1279 2390 1410 2449; x_wconf 76' lang='lat' dir='ltr'><strong>Hero.-</strong></span> 
     </span>
     <span class='ocr_line' id='line_1_20' title="bbox 346 2472 1411 2544; baseline -0.002 -13"><span class='ocrx_word' id='word_1_151' title='bbox 346 2478 380 2531; x_wconf 86' lang='lat' dir='ltr'><strong>P.</strong></span> <span class='ocrx_word' id='word_1_152' title='bbox 395 2477 427 2530; x_wconf 76' lang='lat' dir='ltr'><strong>t.</strong></span> <span class='ocrx_word' id='word_1_153' title='bbox 442 2486 526 2529; x_wconf 76' lang='lat' dir='ltr'><strong>vocet.</strong></span> <span class='ocrx_word' id='word_1_154' title='bbox 541 2472 610 2529; x_wconf 90' lang='lat' dir='ltr'><strong>lude</strong></span> <span class='ocrx_word' id='word_1_155' title='bbox 623 2491 709 2544; x_wconf 70' lang='grc' dir='ltr'><strong>μιιιι</strong></span> <span class='ocrx_word' id='word_1_156' title='bbox 723 2475 858 2537; x_wconf 66' lang='lat' dir='ltr'><strong>maroe,</strong></span> <span class='ocrx_word' id='word_1_157' title='bbox 900 2474 1012 2528; x_wconf 76' lang='lat' dir='ltr'><strong>Alterum</strong></span> <span class='ocrx_word' id='word_1_158' title='bbox 1024 2490 1108 2544; x_wconf 68' lang='lat' dir='ltr'><strong>geram.</strong></span> <span class='ocrx_word' id='word_1_159' title='bbox 1125 2472 1257 2527; x_wconf 79' lang='lat' dir='ltr'><strong>Alterum</strong></span> <span class='ocrx_word' id='word_1_160' title='bbox 1268 2473 1319 2527; x_wconf 90' lang='lat' dir='ltr'><strong>boc</strong></span> <span class='ocrx_word' id='word_1_161' title='bbox 1334 2474 1411 2529; x_wconf 87' lang='lat' dir='ltr'><strong>minii</strong></span> 
     </span>
     <span class='ocr_line' id='line_1_21' title="bbox 347 2551 1411 2630; baseline -0.003 -19"><span class='ocrx_word' id='word_1_162' title='bbox 347 2554 422 2630; x_wconf 85' lang='lat' dir='ltr'><strong>quod</strong></span> <span class='ocrx_word' id='word_1_163' title='bbox 437 2554 517 2611; x_wconf 79' lang='lat' dir='ltr'><strong>debat</strong></span> <span class='ocrx_word' id='word_1_164' title='bbox 533 2552 567 2608; x_wconf 89' lang='lat' dir='ltr'><strong>ad</strong></span> <span class='ocrx_word' id='word_1_165' title='bbox 584 2552 779 2608; x_wconf 82' lang='lat' dir='ltr'><strong>Scombrarium</strong></span> <span class='ocrx_word' id='word_1_166' title='bbox 798 2571 859 2624; x_wconf 88' lang='lat' dir='ltr'><strong>pro·</strong></span> <span class='ocrx_word' id='word_1_167' title='bbox 899 2573 997 2626; x_wconf 76' lang='lat' dir='ltr'><strong>genus,</strong></span> <span class='ocrx_word' id='word_1_168' title='bbox 1017 2571 1115 2608; x_wconf 87' lang='lat' dir='ltr'><strong>nomen</strong></span> <span class='ocrx_word' id='word_1_169' title='bbox 1137 2551 1209 2625; x_wconf 88' lang='lat' dir='ltr'><strong>apud</strong></span> <span class='ocrx_word' id='word_1_170' title='bbox 1233 2571 1283 2608; x_wconf 90' lang='lat' dir='ltr'><strong>nos</strong></span> <span class='ocrx_word' id='word_1_171' title='bbox 1303 2567 1411 2620; x_wconf 71' lang='lat' dir='ltr'><strong>emeat,</strong></span> 
     </span>
     <span class='ocr_line' id='line_1_22' title="bbox 348 2632 1411 2705; baseline -0.006 -14"><span class='ocrx_word' id='word_1_172' title='bbox 348 2635 513 2692; x_wconf 89' lang='lat' dir='ltr'><strong>montorium</strong></span> <span class='ocrx_word' id='word_1_173' title='bbox 526 2633 640 2688; x_wconf 64' lang='lat' dir='ltr'><strong>Betim</strong></span> <span class='ocrx_word' id='word_1_174' title='bbox 653 2633 810 2687; x_wconf 82' lang='lat' dir='ltr'><strong>Societatem</strong></span> <span class='ocrx_word' id='word_1_175' title='bbox 824 2646 860 2686; x_wconf 92' lang='lat' dir='ltr'><strong>ta·</strong></span> <span class='ocrx_word' id='word_1_176' title='bbox 902 2633 1004 2687; x_wconf 85' lang='lat' dir='ltr'><strong>Minium</strong></span> <span class='ocrx_word' id='word_1_177' title='bbox 1022 2633 1092 2701; x_wconf 58' lang='lat' dir='ltr'><strong>naid*</strong></span> <span class='ocrx_word' id='word_1_178' title='bbox 1103 2632 1209 2692; x_wconf 71' lang='lat' dir='ltr'><strong>(Poma</strong></span> <span class='ocrx_word' id='word_1_179' title='bbox 1221 2633 1295 2686; x_wconf 75' lang='lat' dir='ltr'><strong>oeidd</strong></span> <span class='ocrx_word' id='word_1_180' title='bbox 1305 2635 1411 2705; x_wconf 69' lang='lat' dir='ltr'><strong>rouge),-</strong></span> 
     </span>
     <span class='ocr_line' id='line_1_23' title="bbox 348 2711 1412 2786; baseline -0.001 -17"><span class='ocrx_word' id='word_1_181' title='bbox 348 2735 427 2782; x_wconf 86' lang='lat' dir='ltr'><strong>men,</strong></span> <span class='ocrx_word' id='word_1_182' title='bbox 440 2713 647 2786; x_wconf 80' lang='lat' dir='ltr'><strong>publicanorum</strong></span> <span class='ocrx_word' id='word_1_183' title='bbox 662 2724 759 2766; x_wconf 76' lang='lat' dir='ltr'><strong>cotum</strong></span> <span class='ocrx_word' id='word_1_184' title='bbox 778 2731 859 2783; x_wconf 81' lang='lat' dir='ltr'><strong>expo-</strong></span> <span class='ocrx_word' id='word_1_185' title='bbox 901 2711 1086 2768; x_wconf 85' lang='lat' dir='ltr'><strong>secunderium</strong></span> <span class='ocrx_word' id='word_1_186' title='bbox 1107 2725 1184 2766; x_wconf 81' lang='lat' dir='ltr'><strong>vocat</strong></span> <span class='ocrx_word' id='word_1_187' title='bbox 1208 2713 1316 2776; x_wconf 74' lang='lat' dir='ltr'><strong>Noster.</strong></span> <span class='ocrx_word' id='word_1_188' title='bbox 1337 2712 1412 2785; x_wconf 89' lang='lat' dir='ltr'><strong>quod</strong></span> 
     </span>
     <span class='ocr_line' id='line_1_24' title="bbox 348 2789 1412 2864; baseline 0 -15"><span class='ocrx_word' id='word_1_189' title='bbox 348 2791 639 2864; x_wconf 55' lang='lat' dir='ltr'><strong>neresatiwaquibus</strong></span> <span class='ocrx_word' id='word_1_190' title='bbox 645 2791 757 2848; x_wconf 87' lang='lat' dir='ltr'><strong>minium</strong></span> <span class='ocrx_word' id='word_1_191' title='bbox 765 2793 859 2844; x_wconf 74' lang='lat' dir='ltr'><strong>nome</strong></span> <span class='ocrx_word' id='word_1_192' title='bbox 902 2789 1021 2846; x_wconf 89' lang='lat' dir='ltr'><strong>deterius</strong></span> <span class='ocrx_word' id='word_1_193' title='bbox 1029 2805 1067 2845; x_wconf 89' lang='lat' dir='ltr'><strong>est</strong></span> <span class='ocrx_word' id='word_1_194' title='bbox 1078 2791 1215 2847; x_wconf 81' lang='lat' dir='ltr'><strong>cinnabari</strong></span> <span class='ocrx_word' id='word_1_195' title='bbox 1223 2791 1347 2848; x_wconf 82' lang='lat' dir='ltr'><strong>acvilius.</strong></span> <span class='ocrx_word' id='word_1_196' title='bbox 1358 2793 1412 2849; x_wconf 87' lang='lat' dir='ltr'><strong>En.</strong></span> 
     </span>
     <span class='ocr_line' id='line_1_25' title="bbox 348 2869 1413 2940; baseline -0.002 -11"><span class='ocrx_word' id='word_1_197' title='bbox 348 2886 469 2929; x_wconf 86' lang='lat' dir='ltr'><strong>curatum</strong></span> <span class='ocrx_word' id='word_1_198' title='bbox 479 2871 619 2925; x_wconf 80' lang='lat' dir='ltr'><strong>Vitruvius</strong></span> <span class='ocrx_word' id='word_1_199' title='bbox 628 2869 730 2924; x_wconf 81' lang='lat' dir='ltr'><strong>scribit</strong></span> <span class='ocrx_word' id='word_1_200' title='bbox 740 2871 861 2924; x_wconf 81' lang='lat' dir='ltr'><strong>Dau.-</strong></span> <span class='ocrx_word' id='word_1_201' title='bbox 947 2891 991 2926; x_wconf 79' lang='lat' dir='ltr'><strong>rs.</strong></span> <span class='ocrx_word' id='word_1_202' title='bbox 1003 2872 1108 2926; x_wconf 75' lang='lat' dir='ltr'><strong>Multum</strong></span> <span class='ocrx_word' id='word_1_203' title='bbox 1127 2873 1192 2940; x_wconf 63' lang='lat' dir='ltr'><strong>testu</strong></span> <span class='ocrx_word' id='word_1_204' title='bbox 1209 2872 1337 2927; x_wconf 63' lang='lat' dir='ltr'><strong>neruda.</strong></span> <span class='ocrx_word' id='word_1_205' title='bbox 1355 2873 1413 2930; x_wconf 83' lang='lat' dir='ltr'><strong>cit-</strong></span> 
     </span>
     <span class='ocr_line' id='line_1_26' title="bbox 350 2949 1414 3024; baseline 0 -16"><span class='ocrx_word' id='word_1_206' title='bbox 350 2953 475 3008; x_wconf 63' lang='lat' dir='ltr'><strong>somme</strong></span> <span class='ocrx_word' id='word_1_207' title='bbox 489 2951 593 3022; x_wconf 79' lang='lat' dir='ltr'><strong>Nempe</strong></span> <span class='ocrx_word' id='word_1_208' title='bbox 609 2949 731 3004; x_wconf 81' lang='lat' dir='ltr'><strong>societati</strong></span> <span class='ocrx_word' id='word_1_209' title='bbox 743 2949 861 3022; x_wconf 83' lang='lat' dir='ltr'><strong>publica·</strong></span> <span class='ocrx_word' id='word_1_210' title='bbox 903 2950 976 3006; x_wconf 90' lang='lat' dir='ltr'><strong>biaui</strong></span> <span class='ocrx_word' id='word_1_211' title='bbox 986 2969 1065 3022; x_wconf 84' lang='lat' dir='ltr'><strong>supra</strong></span> <span class='ocrx_word' id='word_1_212' title='bbox 1080 2951 1215 3023; x_wconf 85' lang='lat' dir='ltr'><strong>Ephesum</strong></span> <span class='ocrx_word' id='word_1_213' title='bbox 1230 2951 1301 3024; x_wconf 70' lang='lat' dir='ltr'><strong>agri,</strong></span> <span class='ocrx_word' id='word_1_214' title='bbox 1313 2965 1360 3007; x_wconf 87' lang='lat' dir='ltr'><strong>eut</strong></span> <span class='ocrx_word' id='word_1_215' title='bbox 1374 2952 1414 3008; x_wconf 89' lang='lat' dir='ltr'><strong>Si-</strong></span> 
     </span>
     <span class='ocr_line' id='line_1_27' title="bbox 350 3029 1313 3103; baseline -0.001 -16"><span class='ocrx_word' id='word_1_216' title='bbox 350 3051 448 3088; x_wconf 89' lang='lat' dir='ltr'><strong>norum</strong></span> <span class='ocrx_word' id='word_1_217' title='bbox 471 3029 506 3085; x_wconf 90' lang='lat' dir='ltr'><strong>de</strong></span> <span class='ocrx_word' id='word_1_218' title='bbox 526 3030 626 3102; x_wconf 84' lang='lat' dir='ltr'><strong>quibus</strong></span> <span class='ocrx_word' id='word_1_219' title='bbox 639 3029 781 3082; x_wconf 81' lang='lat' dir='ltr'><strong>Vitruvius</strong></span> <span class='ocrx_word' id='word_1_220' title='bbox 800 3029 861 3082; x_wconf 88' lang='lat' dir='ltr'><strong>loco</strong></span> <span class='ocrx_word' id='word_1_221' title='bbox 903 3031 1094 3103; x_wconf 83' lang='lat' dir='ltr'><strong>seponeneisin</strong></span> <span class='ocrx_word' id='word_1_222' title='bbox 1104 3031 1208 3086; x_wconf 78' lang='lat' dir='ltr'><strong>betica.</strong></span> <span class='ocrx_word' id='word_1_223' title='bbox 1221 3031 1313 3086; x_wconf 81' lang='grc' dir='ltr'><strong>Ηιιιιι.</strong></span> 
     </span>
     <span class='ocr_line' id='line_1_28' title="bbox 351 3107 1399 3180; baseline -0.002 -13"><span class='ocrx_word' id='word_1_224' title='bbox 351 3125 429 3168; x_wconf 86' lang='lat' dir='ltr'><strong>autes</strong></span> <span class='ocrx_word' id='word_1_225' title='bbox 441 3112 537 3175; x_wconf 83' lang='lat' dir='ltr'><strong>allato,</strong></span> <span class='ocrx_word' id='word_1_226' title='bbox 551 3129 638 3180; x_wconf 78' lang='lat' dir='ltr'><strong>corps,</strong></span> <span class='ocrx_word' id='word_1_227' title='bbox 650 3113 805 3180; x_wconf 62' lang='lat' dir='ltr'><strong>compagem,</strong></span> <span class='ocrx_word' id='word_1_228' title='bbox 818 3107 861 3162; x_wconf 85' lang='lat' dir='ltr'><strong>vel</strong></span> <span class='ocrx_word' id='word_1_229' title='bbox 947 3111 991 3166; x_wconf 87' lang='grc'><strong>13.</strong></span> <span class='ocrx_word' id='word_1_230' title='bbox 1002 3109 1066 3166; x_wconf 83' lang='lat' dir='ltr'><strong>Hos.</strong></span> <span class='ocrx_word' id='word_1_231' title='bbox 1080 3108 1245 3165; x_wconf 74' lang='lat' dir='ltr'><strong>secundario</strong></span> <span class='ocrx_word' id='word_1_232' title='bbox 1255 3110 1349 3164; x_wconf 88' lang='lat' dir='ltr'><strong>minio.</strong></span> <span class='ocrx_word' id='word_1_233' title='bbox 1363 3111 1399 3165; x_wconf 81' lang='lat' dir='ltr'><strong>ll.</strong></span> 
     </span>
     <span class='ocr_line' id='line_1_29' title="bbox 351 3185 1413 3261; baseline -0.002 -15"><span class='ocrx_word' id='word_1_234' title='bbox 351 3194 521 3246; x_wconf 67' lang='lat' dir='ltr'><strong>mma.</strong></span> <span class='ocrx_word' id='word_1_235' title='bbox 532 3189 736 3261; x_wconf 70' lang='lat' dir='ltr'><strong>Negantur,qui</strong></span> <span class='ocrx_word' id='word_1_236' title='bbox 744 3185 881 3242; x_wconf 86' lang='lat' dir='ltr'><strong>desoeiis.</strong></span> <span class='ocrx_word' id='word_1_237' title='bbox 947 3191 1040 3255; x_wconf 61' lang='lat'><strong>1410</strong></span> <span class='ocrx_word' id='word_1_238' title='bbox 1059 3189 1163 3261; x_wconf 69' lang='lat' dir='ltr'><strong>officiari</strong></span> <span class='ocrx_word' id='word_1_239' title='bbox 1176 3193 1301 3245; x_wconf 79' lang='lat' dir='ltr'><strong>sociorum.</strong></span> <span class='ocrx_word' id='word_1_240' title='bbox 1320 3191 1413 3245; x_wconf 79' lang='lat' dir='ltr'><strong>Publi·</strong></span> 
     </span>
     <span class='ocr_line' id='line_1_30' title="bbox 350 3267 1414 3344; baseline 0 -18"><span class='ocrx_word' id='word_1_241' title='bbox 350 3271 448 3344; x_wconf 84' lang='lat' dir='ltr'><strong>populi</strong></span> <span class='ocrx_word' id='word_1_242' title='bbox 466 3269 585 3331; x_wconf 73' lang='grc' dir='ltr'><strong><em>1011111ιί.</em></strong></span> <span class='ocrx_word' id='word_1_243' title='bbox 601 3269 654 3322; x_wconf 84' lang='lat' dir='ltr'><strong>boe</strong></span> <span class='ocrx_word' id='word_1_244' title='bbox 668 3281 724 3334; x_wconf 83' lang='lat' dir='ltr'><strong>est,</strong></span> <span class='ocrx_word' id='word_1_245' title='bbox 742 3267 862 3333; x_wconf 66' lang='lat' dir='ltr'><strong>liuticis,</strong></span> <span class='ocrx_word' id='word_1_246' title='bbox 904 3287 1032 3324; x_wconf 85' lang='lat' dir='ltr'><strong>canorum</strong></span> <span class='ocrx_word' id='word_1_247' title='bbox 1045 3291 1052 3322; x_wconf 76' lang='lat' dir='ltr'>z</span> <span class='ocrx_word' id='word_1_248' title='bbox 1065 3288 1126 3323; x_wconf 91' lang='lat' dir='ltr'><strong>nam</strong></span> <span class='ocrx_word' id='word_1_249' title='bbox 1139 3283 1167 3324; x_wconf 91' lang='lat' dir='ltr'><strong>ut</strong></span> <span class='ocrx_word' id='word_1_250' title='bbox 1177 3268 1414 3343; x_wconf 87' lang='lat' dir='ltr'><strong>superiusdictutu</strong></span> 
     </span>
     <span class='ocr_line' id='line_1_31' title="bbox 352 3347 1414 3422; baseline -0.002 -15"><span class='ocrx_word' id='word_1_251' title='bbox 352 3349 562 3422; x_wconf 69' lang='lat' dir='ltr'><strong>bmaccipiunt.</strong></span> <span class='ocrx_word' id='word_1_252' title='bbox 576 3347 668 3403; x_wconf 80' lang='lat' dir='ltr'><strong>Hsan.</strong></span> <span class='ocrx_word' id='word_1_253' title='bbox 905 3361 957 3412; x_wconf 81' lang='lat' dir='ltr'><strong>est,</strong></span> <span class='ocrx_word' id='word_1_254' title='bbox 970 3359 1045 3402; x_wconf 76' lang='lat' dir='ltr'><strong>essm</strong></span> <span class='ocrx_word' id='word_1_255' title='bbox 1057 3348 1173 3403; x_wconf 78' lang='lat' dir='ltr'><strong>officinas</strong></span> <span class='ocrx_word' id='word_1_256' title='bbox 1186 3369 1224 3404; x_wconf 85' lang='lat' dir='ltr'><strong>em</strong></span> <span class='ocrx_word' id='word_1_257' title='bbox 1240 3351 1348 3405; x_wconf 76' lang='lat' dir='ltr'><strong>Rome:</strong></span> <span class='ocrx_word' id='word_1_258' title='bbox 1363 3369 1414 3405; x_wconf 87' lang='lat' dir='ltr'><strong>uec</strong></span> 
     </span>
    </p>

    <p class='ocr_par' dir='ltr' id='par_1_5' title="bbox 352 3426 1416 3822">
     <span class='ocr_line' id='line_1_32' title="bbox 392 3426 1414 3502; baseline 0.003 -19"><span class='ocrx_word' id='word_1_259' title='bbox 392 3431 421 3485; x_wconf 83' lang='grc'><strong>8.</strong></span> <span class='ocrx_word' id='word_1_260' title='bbox 434 3430 545 3501; x_wconf 79' lang='lat' dir='ltr'><strong>Namque</strong></span> <span class='ocrx_word' id='word_1_261' title='bbox 553 3440 589 3481; x_wconf 81' lang='lat' dir='ltr'><strong>est</strong></span> <span class='ocrx_word' id='word_1_262' title='bbox 600 3428 796 3498; x_wconf 71' lang='lat' dir='ltr'><strong>aberumgesus.</strong></span> <span class='ocrx_word' id='word_1_263' title='bbox 808 3426 862 3480; x_wconf 84' lang='lat' dir='ltr'><strong>tti·</strong></span> <span class='ocrx_word' id='word_1_264' title='bbox 904 3428 1000 3484; x_wconf 88' lang='lat' dir='ltr'><strong>licebat</strong></span> <span class='ocrx_word' id='word_1_265' title='bbox 1013 3427 1042 3482; x_wconf 95' lang='lat' dir='ltr'><strong>id</strong></span> <span class='ocrx_word' id='word_1_266' title='bbox 1059 3429 1087 3482; x_wconf 89' lang='lat' dir='ltr'><strong>in</strong></span> <span class='ocrx_word' id='word_1_267' title='bbox 1104 3430 1200 3484; x_wconf 78' lang='lat' dir='ltr'><strong>betica</strong></span> <span class='ocrx_word' id='word_1_268' title='bbox 1215 3429 1359 3502; x_wconf 81' lang='lat' dir='ltr'><strong>perlicere,</strong></span> <span class='ocrx_word' id='word_1_269' title='bbox 1372 3430 1414 3486; x_wconf 83' lang='lat' dir='ltr'><strong>rel</strong></span> 
     </span>
     <span class='ocr_line' id='line_1_33' title="bbox 352 3505 1129 3580; baseline -0.003 -16"><span class='ocrx_word' id='word_1_270' title='bbox 352 3510 392 3564; x_wconf 84' lang='lat' dir='ltr'><strong>nii</strong></span> <span class='ocrx_word' id='word_1_271' title='bbox 406 3509 544 3564; x_wconf 85' lang='lat' dir='ltr'><strong>nimirum.</strong></span> <span class='ocrx_word' id='word_1_272' title='bbox 561 3507 676 3562; x_wconf 78' lang='lat' dir='ltr'><strong>Minium</strong></span> <span class='ocrx_word' id='word_1_273' title='bbox 689 3505 760 3561; x_wconf 91' lang='lat' dir='ltr'><strong>illud</strong></span> <span class='ocrx_word' id='word_1_274' title='bbox 771 3507 862 3562; x_wconf 84' lang='lat' dir='ltr'><strong>Diosc.</strong></span> <span class='ocrx_word' id='word_1_275' title='bbox 905 3508 1026 3580; x_wconf 73' lang='lat' dir='ltr'><strong>excoqui.</strong></span> <span class='ocrx_word' id='word_1_276' title='bbox 1038 3509 1129 3563; x_wconf 80' lang='lat' dir='ltr'><strong>Hsen.</strong></span> 
     </span>
     <span class='ocr_line' id='line_1_34' title="bbox 353 3587 1415 3659; baseline 0.003 -16"><span class='ocrx_word' id='word_1_277' title='bbox 353 3602 407 3656; x_wconf 80' lang='lat' dir='ltr'><strong>est,</strong></span> <span class='ocrx_word' id='word_1_278' title='bbox 417 3589 454 3652; x_wconf 85' lang='lat' dir='ltr'><strong>V,</strong></span> <span class='ocrx_word' id='word_1_279' title='bbox 477 3605 556 3657; x_wconf 89' lang='lat' dir='ltr'><strong>ro9:</strong></span> <span class='ocrx_word' id='word_1_280' title='bbox 576 3589 611 3640; x_wconf 80' lang='lat' dir='ltr'><strong>Ti</strong></span> <span class='ocrx_word' id='word_1_281' title='bbox 635 3588 678 3658; x_wconf 73' lang='lat' dir='ltr'><strong>pis</strong></span> <span class='ocrx_word' id='word_1_282' title='bbox 697 3588 786 3659; x_wconf 71' lang='grc' dir='ltr'><strong>γὰρ</strong></span> <span class='ocrx_word' id='word_1_283' title='bbox 769 3607 861 3659; x_wconf 69' lang='lat' dir='ltr'><strong>appius</strong></span> <span class='ocrx_word' id='word_1_284' title='bbox 948 3589 994 3644; x_wconf 81' lang='lat'><strong>1⁵.</strong></span> <span class='ocrx_word' id='word_1_285' title='bbox 1006 3587 1123 3643; x_wconf 74' lang='lat' dir='ltr'><strong>Suotoco.</strong></span> <span class='ocrx_word' id='word_1_286' title='bbox 1131 3588 1190 3644; x_wconf 88' lang='lat' dir='ltr'><strong>Lib.</strong></span> <span class='ocrx_word' id='word_1_287' title='bbox 1198 3589 1314 3655; x_wconf 74' lang='lat' dir='ltr'><strong>xm,</strong></span> <span class='ocrx_word' id='word_1_288' title='bbox 1325 3595 1370 3654; x_wconf 72' lang='lat' dir='ltr'><strong>si.</strong></span> <span class='ocrx_word' id='word_1_289' title='bbox 1378 3587 1415 3646; x_wconf 81' lang='grc' dir='ltr'><strong>Η.</strong></span> 
     </span>
     <span class='ocr_line' id='line_1_35' title="bbox 353 3657 1413 3741; baseline -0.002 -17"><span class='ocrx_word' id='word_1_290' title='bbox 353 3669 498 3730; x_wconf 69' lang='lat' dir='ltr'><strong>excudisset</strong></span> <span class='ocrx_word' id='word_1_291' title='bbox 513 3669 537 3720; x_wconf 75' lang='lat' dir='ltr'><strong>is</strong></span> <span class='ocrx_word' id='word_1_292' title='bbox 552 3657 660 3720; x_wconf 69' lang='lat' dir='ltr'><strong>lenosis</strong></span> <span class='ocrx_word' id='word_1_293' title='bbox 677 3669 706 3722; x_wconf 77' lang='lat' dir='ltr'><strong>is</strong></span> <span class='ocrx_word' id='word_1_294' title='bbox 721 3667 786 3721; x_wconf 71' lang='lat' dir='ltr'><strong>tileo</strong></span> <span class='ocrx_word' id='word_1_295' title='bbox 799 3669 862 3728; x_wconf 76' lang='lat' dir='ltr'><strong>etsie</strong></span> <span class='ocrx_word' id='word_1_296' title='bbox 949 3672 994 3722; x_wconf 85' lang='grc'><strong>16.</strong></span> <span class='ocrx_word' id='word_1_297' title='bbox 1007 3668 1159 3738; x_wconf 70' lang='lat' dir='ltr'><strong>Pingentium</strong></span> <span class='ocrx_word' id='word_1_298' title='bbox 1166 3669 1238 3737; x_wconf 83' lang='lat' dir='ltr'><strong>furto</strong></span> <span class='ocrx_word' id='word_1_299' title='bbox 1248 3681 1413 3741; x_wconf 74' lang='lat' dir='ltr'><strong>opportunum.</strong></span> 
     </span>
     <span class='ocr_line' id='line_1_36' title="bbox 353 3743 1416 3822; baseline -0.001 -19"><span class='ocrx_word' id='word_1_300' title='bbox 353 3750 474 3821; x_wconf 71' lang='grc' dir='ltr'><strong>μιμιγμίν</strong></span> <span class='ocrx_word' id='word_1_301' title='bbox 462 3767 503 3801; x_wconf 78' lang='grc' dir='ltr'><strong>ιιι</strong></span> <span class='ocrx_word' id='word_1_302' title='bbox 518 3767 549 3816; x_wconf 70' lang='grc' dir='ltr'><strong>η</strong></span> <span class='ocrx_word' id='word_1_303' title='bbox 536 3743 698 3818; x_wconf 62' lang='lat' dir='ltr'><strong>apperuit</strong></span> <span class='ocrx_word' id='word_1_304' title='bbox 710 3746 815 3817; x_wconf 76' lang='grc' dir='ltr'>ψαμμω</span> <span class='ocrx_word' id='word_1_305' title='bbox 828 3747 861 3802; x_wconf 82' lang='grc' dir='ltr'><strong>Η.</strong></span> <span class='ocrx_word' id='word_1_306' title='bbox 906 3748 979 3802; x_wconf 87' lang='lat' dir='ltr'><strong>luter</strong></span> <span class='ocrx_word' id='word_1_307' title='bbox 991 3747 1110 3810; x_wconf 86' lang='lat' dir='ltr'><strong>colores</strong></span> <span class='ocrx_word' id='word_1_308' title='bbox 1128 3767 1195 3820; x_wconf 85' lang='lat' dir='ltr'><strong>quos</strong></span> <span class='ocrx_word' id='word_1_309' title='bbox 1215 3749 1312 3822; x_wconf 88' lang='lat' dir='ltr'><strong>pictori</strong></span> <span class='ocrx_word' id='word_1_310' title='bbox 1331 3747 1416 3803; x_wconf 86' lang='lat' dir='ltr'><strong>domi-</strong></span> 
     </span>
    </p>

    <p class='ocr_par' dir='ltr' id='par_1_6' title="bbox 349 3825 1417 4219">
     <span class='ocr_line' id='line_1_37' title="bbox 393 3825 1415 3898; baseline -0.003 -14.937"><span class='ocrx_word' id='word_1_311' title='bbox 393 3849 421 3898; x_wconf 91' lang='lat'><strong>9.</strong></span> <span class='ocrx_word' id='word_1_312' title='bbox 393 3828 523 3898; x_wconf 78' lang='lat' dir='ltr'><strong>9Cejns</strong></span> <span class='ocrx_word' id='word_1_313' title='bbox 546 3830 679 3890; x_wconf 60' lang='lat' dir='ltr'><strong>commum,</strong></span> <span class='ocrx_word' id='word_1_314' title='bbox 702 3839 752 3880; x_wconf 89' lang='lat' dir='ltr'><strong>etc.</strong></span> <span class='ocrx_word' id='word_1_315' title='bbox 776 3825 863 3898; x_wconf 88' lang='lat' dir='ltr'><strong>Supra</strong></span> <span class='ocrx_word' id='word_1_316' title='bbox 906 3845 957 3880; x_wconf 89' lang='lat' dir='ltr'><strong>nus</strong></span> <span class='ocrx_word' id='word_1_317' title='bbox 972 3827 1126 3897; x_wconf 78' lang='lat' dir='ltr'><strong>prestabat.</strong></span> <span class='ocrx_word' id='word_1_318' title='bbox 1140 3841 1169 3882; x_wconf 88' lang='lat' dir='ltr'><strong>ut</strong></span> <span class='ocrx_word' id='word_1_319' title='bbox 1182 3827 1287 3883; x_wconf 90' lang='lat' dir='ltr'><strong>dicetur</strong></span> <span class='ocrx_word' id='word_1_320' title='bbox 1298 3828 1415 3894; x_wconf 80' lang='lat' dir='ltr'>XXXV,</span> 
     </span>
     <span class='ocr_line' id='line_1_38' title="bbox 353 3904 1416 3982; baseline 0.001 -20"><span class='ocrx_word' id='word_1_321' title='bbox 353 3927 412 3980; x_wconf 86' lang='lat' dir='ltr'><strong>cap.</strong></span> <span class='ocrx_word' id='word_1_322' title='bbox 429 3906 463 3962; x_wconf 77' lang='lat'><strong>32</strong></span> <span class='ocrx_word' id='word_1_323' title='bbox 478 3925 486 3960; x_wconf 92' lang='lat'><strong>:</strong></span> <span class='ocrx_word' id='word_1_324' title='bbox 500 3933 511 3956; x_wconf 78' lang='grc' dir='ltr'><strong>ι</strong></span> <span class='ocrx_word' id='word_1_325' title='bbox 525 3905 573 3959; x_wconf 85' lang='lat' dir='ltr'><strong>Est</strong></span> <span class='ocrx_word' id='word_1_326' title='bbox 583 3917 610 3958; x_wconf 90' lang='lat' dir='ltr'><strong>et</strong></span> <span class='ocrx_word' id='word_1_327' title='bbox 622 3906 690 3977; x_wconf 79' lang='lat' dir='ltr'><strong>lapis</strong></span> <span class='ocrx_word' id='word_1_328' title='bbox 700 3904 779 3958; x_wconf 87' lang='lat' dir='ltr'><strong>iubis</strong></span> <span class='ocrx_word' id='word_1_329' title='bbox 790 3905 863 3960; x_wconf 88' lang='lat' dir='ltr'><strong>venis</strong></span> <span class='ocrx_word' id='word_1_330' title='bbox 910 3925 954 3970; x_wconf 82' lang='lat' dir='ltr'><strong>rs,</strong></span> <span class='ocrx_word' id='word_1_331' title='bbox 968 3907 1081 3960; x_wconf 90' lang='lat' dir='ltr'><strong>minium</strong></span> <span class='ocrx_word' id='word_1_332' title='bbox 1092 3907 1159 3973; x_wconf 83' lang='lat' dir='ltr'><strong>fnit,</strong></span> <span class='ocrx_word' id='word_1_333' title='bbox 1173 3909 1298 3982; x_wconf 86' lang='lat' dir='ltr'><strong>quoniam</strong></span> <span class='ocrx_word' id='word_1_334' title='bbox 1312 3908 1340 3962; x_wconf 91' lang='lat' dir='ltr'><strong>id</strong></span> <span class='ocrx_word' id='word_1_335' title='bbox 1353 3927 1416 3979; x_wconf 82' lang='lat' dir='ltr'><strong>per·</strong></span> 
     </span>
     <span class='ocr_line' id='line_1_39' title="bbox 353 3983 1416 4062; baseline 0.002 -23"><span class='ocrx_word' id='word_1_336' title='bbox 353 3986 522 4059; x_wconf 62' lang='lat' dir='ltr'><strong>muniis,</strong></span> <span class='ocrx_word' id='word_1_337' title='bbox 538 3985 617 4057; x_wconf 82' lang='lat' dir='ltr'><strong>cujus</strong></span> <span class='ocrx_word' id='word_1_338' title='bbox 636 3985 739 4038; x_wconf 79' lang='lat' dir='ltr'><strong>vomica</strong></span> <span class='ocrx_word' id='word_1_339' title='bbox 752 3983 864 4056; x_wconf 88' lang='lat' dir='ltr'><strong>liquoris</strong></span> <span class='ocrx_word' id='word_1_340' title='bbox 906 4003 997 4040; x_wconf 88' lang='lat' dir='ltr'><strong>rarum</strong></span> <span class='ocrx_word' id='word_1_341' title='bbox 1016 3999 1079 4040; x_wconf 89' lang='lat' dir='ltr'><strong>erat.</strong></span> <span class='ocrx_word' id='word_1_342' title='bbox 1098 3986 1215 4044; x_wconf 80' lang='lat' dir='ltr'><strong>Pictores</strong></span> <span class='ocrx_word' id='word_1_343' title='bbox 1234 3987 1324 4062; x_wconf 86' lang='lat' dir='ltr'><strong>itaque</strong></span> <span class='ocrx_word' id='word_1_344' title='bbox 1344 4005 1416 4060; x_wconf 78' lang='lat' dir='ltr'><strong>sepe</strong></span> 
     </span>
     <span class='ocr_line' id='line_1_40' title="bbox 349 4064 1417 4142; baseline 0 -22"><span class='ocrx_word' id='word_1_345' title='bbox 349 4064 865 4138; x_wconf 64' lang='lat' dir='ltr'><strong>eterniargentumrivumappellauturs</strong></span> <span class='ocrx_word' id='word_1_346' title='bbox 907 4066 1153 4132; x_wconf 58' lang='lat' dir='ltr'><strong>exornabantur,</strong></span> <span class='ocrx_word' id='word_1_347' title='bbox 1161 4068 1268 4142; x_wconf 89' lang='lat' dir='ltr'><strong>repletis</strong></span> <span class='ocrx_word' id='word_1_348' title='bbox 1276 4065 1417 4140; x_wconf 87' lang='lat' dir='ltr'><strong>penicillis,</strong></span> 
     </span>
     <span class='ocr_line' id='line_1_41' title="bbox 354 4144 1416 4219; baseline 0.002 -19"><span class='ocrx_word' id='word_1_349' title='bbox 354 4163 487 4219; x_wconf 77' lang='lat' dir='ltr'><strong>venenum</strong></span> <span class='ocrx_word' id='word_1_350' title='bbox 500 4163 590 4200; x_wconf 83' lang='lat' dir='ltr'><strong>rerum</strong></span> <span class='ocrx_word' id='word_1_351' title='bbox 603 4144 734 4200; x_wconf 81' lang='lat' dir='ltr'><strong>omnium</strong></span> <span class='ocrx_word' id='word_1_352' title='bbox 745 4169 757 4193; x_wconf 88' lang='lat'><strong>·</strong></span> <span class='ocrx_word' id='word_1_353' title='bbox 770 4144 862 4200; x_wconf 79' lang='lat' dir='ltr'><strong>llaec.</strong></span> <span class='ocrx_word' id='word_1_354' title='bbox 906 4163 968 4198; x_wconf 81' lang='lat' dir='ltr'><strong>mos</strong></span> <span class='ocrx_word' id='word_1_355' title='bbox 982 4163 1050 4218; x_wconf 80' lang='lat' dir='ltr'><strong>aqna</strong></span> <span class='ocrx_word' id='word_1_356' title='bbox 1061 4146 1175 4216; x_wconf 80' lang='lat' dir='ltr'><strong>ablutis,</strong></span> <span class='ocrx_word' id='word_1_357' title='bbox 1184 4147 1264 4204; x_wconf 81' lang='lat' dir='ltr'><strong>veluti</strong></span> <span class='ocrx_word' id='word_1_358' title='bbox 1275 4147 1327 4204; x_wconf 86' lang='lat' dir='ltr'><strong>alio</strong></span> <span class='ocrx_word' id='word_1_359' title='bbox 1340 4159 1416 4202; x_wconf 90' lang='lat' dir='ltr'><strong>uteu-</strong></span> 
     </span>
    </p>
   </div>
   <div class='ocr_carea' id='block_1_4' title="bbox 0 0 1575 5125">
    <p class='ocr_par' dir='ltr' id='par_1_7' title="bbox 0 0 1575 5125">
     <span class='ocr_line' id='line_1_42' title="bbox 0 0 1575 5125; baseline 0 0"><span class='ocrx_word' id='word_1_360' title='bbox 0 0 1575 5125; x_wconf 95' lang='lat' dir='ltr'><strong> </strong></span> 
     </span>
    </p>
   </div>
  </div>
 </body>
</html>
