3100 5125
383 479 451 550 162
646 478 686 546 C.
715 476 882 546 PLINII
906 475 1016 546 NAT.
1043 478 1171 545 HlST.

343 615 483 686 assoon
509 635 532 680 a
561 611 709 706 Lysippo
733 634 778 680 rm
795 608 994 679 cubitorum.
1019 595 1164 678 Mirum⁸
1186 608 1220 676 in
1249 633 1310 698 eo,
1346 611 1440 704 quod

297 725 304 736 “
374 744 495 804 manu,
512 732 550 786 ut
563 717 700 802 ferunt,
722 715 853 785 mobilis
870 706 932 803 (ea
947 715 1031 784 ratio
1051 713 1237 784 libramenti
1253 703 1323 807 est)
1342 715 1440 788 nullis

374 824 582 897 'convellatur
599 819 761 918 procellis.
775 822 817 891 Id
830 821 962 916 quidem
980 819 1166 916 providisse
1179 835 1214 890 et
1231 821 1349 892 artifex
1363 822 1441 892 dici·

372 948 447 1020 tur,
468 929 600 1001 modico
623 927 815 1009 intervallo,
840 922 929 996 unde
954 929 1096 997 maxime
1113 926 1247 998 ilatum⁹
1262 953 1348 1023 opus
1368 943 1441 998 eret

373 1039 499 1133 frangi,
518 1037 672 1130 opposita
697 1033 862 1104 columna.
884 1035 999 1128 Itaque
1020 1046 1159 1128 propter
1180 1034 1440 1128 magnitudinem

372 1141 669 1236 difficultatemque
682 1139 855 1225 moliendi,
873 1163 942 1210 non
962 1140 1070 1234 attigit
1082 1163 1158 1210 eum
1178 1140 1298 1210 Fabius
1309 1143 1439 1210 Versu·

373 1275 470 1320 eosus
479 1248 515 1335 ¹⁰‚'
527 1272 631 1343 quum
645 1245 824 1318 Herculem
833 1244 869 1334 ¹¹,
878 1248 934 1340 qui
949 1260 1000 1316 est
1012 1248 1046 1314 in
1056 1245 1322 1340 Capitolio‚inde
1334 1261 1440 1318 trans·

335 1369 349 1414 ³
373 1356 484 1426 ferret.
502 1360 592 1424 Ante
608 1377 724 1423 omnes
742 1367 853 1423 autem
870 1352 905 1420 iu
926 1351 1145 1422 admiratione
1165 1353 1228 1422 tuis
1247 1351 1360 1423 Solis¹²
1383 1377 1439 1422 eo·

260 1447 264 1456 ’
371 1462 479 1534 {ossus
500 1459 629 1546 Rhodi,
658 1485 756 1554 quem
785 1459 909 1530 fecerat
935 1459 1062 1530 Chares
1073 1443 1096 1486 ¹³
1122 1457 1276 1543 lindius,
1303 1460 1439 1554 Lysippi

368 1660 430 1717 dem
451 1659 526 1714 Iovis
544 1657 671 1723 miosssi,
696 1658 818 1712 omniurn
836 1677 881 1712 oo·
921 1657 1101 1728 pitolimeuu.
1112 1657 1148 1710 U·
1159 1656 1224 1722 4⁵0·
1233 1657 1263 1712 P.
1275 1657 1435 1730 Sempronio

366 1738 574 1808 lossorum,qui
587 1749 646 1789 tum
659 1738 882 1808 exsecraremur
924 1736 1031 1809 Sopho,
1055 1737 1085 1790 P.
1113 1737 1231 1808 Sulpicio
1260 1737 1437 1806 Sermione,

367 1817 506 1874 Rhodium
520 1816 629 1870 maximi
637 1855 646 1881 ,
661 1817 689 1870 iu
705 1817 764 1870 foro
778 1817 881 1870 Taren·
923 1834 989 1870 ooss.
999 1829 1029 1869 ut
1037 1815 1129 1870 Livius
1137 1816 1228 1881 refert,
1238 1817 1289 1883 tx,
1299 1835 1358 1889 pag.
1370 1820 1437 1886 169.

368 1900 487 1956 tinorum
501 1896 596 1969 positi,
611 1896 751 1949 meminits
765 1894 812 1949 ssd
829 1913 880 1950 nee
923 1897 964 1948 De
977 1914 1009 1949 eo
1022 1896 1137 1948 Herode
1149 1913 1229 1967 quem
1241 1895 1322 1950 tinxit
1339 1897 1439 1968 Lysip-

368 1998 437 2051 opus
455 1976 485 2031 id
497 1975 609 2049 Lysippi
622 1976 702 2031 fuisse
721 1974 819 2039 tradit,
830 1993 882 2028 nso
924 1985 1169 2046 pruperrenustutu
1179 1975 1288 2030 Gemini
1296 1976 1439 2047 Epignm-

368 2061 481 2113 Romam
495 2055 646 2110 derectum.
660 2057 728 2108 Der..
743 2087 784 2098 -
801 2055 877 2108 Tuto.
925 2072 967 2107 ma
992 2053 1104 2125 legimus
1128 2054 1158 2107 in
1185 2055 1285 2108 Authoi
1312 2057 1363 2121 IV,
1389 2057 1405 2110 8
1432 2075 1439 2110 ;

367 2138 473 2211 Jupiter
495 2134 640 2201 nimirum,
661 2153 717 2188 nou
738 2134 880 2198 Hercules,
924 2123 1033 2203 Lpurrtu
1054 2139 1102 2186 ποῦ
1116 2135 1267 2205 σοιπτόρθος
1286 2136 1439 2206 pirrhum

370 2230 429 2272 utet
439 2212 555 2270 credidit
563 2213 752 2283 Deiecempius
762 2233 769 2266 r
782 2213 883 2266 Hereu-
925 2215 1030 2279 Nineue
1040 2217 1152 2278 Χλαῑννι,
1166 2213 1207 2266 sci
1217 2216 1234 2271 st
1248 2216 1323 2278 τόξων
1333 2217 1440 2285 [petere

369 2297 423 2350 leus
439 2295 643 2358 enim‚utmox
656 2291 771 2359 dicetur,
785 2293 884 2347 Fabius
927 2289 1027 2356 tottam
1052 2297 1103 2345 Ποῦ
1129 2291 1231 2364 rcdcpis
1279 2296 1381 2365 ίμνρας
1400 2297 1439 2356 τίς

332 2403 336 2409 ’
368 2376 484 2428 Romam
504 2373 621 2426 Tersuto
644 2373 793 2440 transtulit,
814 2372 883 2426 Jove
925 2316 1441 2458 tctcsssddexcsscmtiissrpsc·xut-

371 2454 411 2508 ibi
421 2453 524 2509 relicto.
538 2452 631 2505 Hero.
927 2459 962 2522 νῷ
981 2449 1007 2504 δ’
1028 2453 1169 2522 ἔγνων-(με’
1186 2449 1286 2510 tusus.
1306 2459 1375 2522 Αχθῃ
1394 2473 1440 2524 γυ·

411 2536 439 2590 8.
461 2531 561 2587 Mirum.
580 2532 612 2584 lu
626 2549 659 2585 eo
671 2531 775 2585 colosso
789 2529 818 2585 id
832 2531 884 2585 mi·
927 2530 1027 2602 protei<
1039 2532 1120 2585 tetus
1131 2534 1186 2597 rim
1200 2535 1237 2595 τίς
1246 2528 1277 2586 ds'
1288 2533 1312 2587 α’
1323 2535 1440 2605 turpem

368 2633 452 2689 (um,
474 2611 549 2683 quod
570 2630 655 2683 quum
676 2610 779 2664 moveri
802 2612 884 2681 possit
927 2604 1080 2682 ὁπτιρόιις
1094 2607 1183 2673 (ὄντας
1200 2605 1234 2674 εἷς
1253 2615 1327 2686 βαρὺς
1348 2607 1441 2683 ἆθλος)

372 2712 467 2759 runnu,
478 2710 510 2745 eu
523 2704 612 2744 temen
621 2691 698 2744 libre
710 2692 777 2745 rstio
786 2704 840 2756 est,
854 2704 884 2745 ut
929 2692 996 2761 ipae.
1013 2716 1026 2739 ι
1043 2690 1154 2757 Alcide,
1168 2711 1223 2763 quo
1236 2694 1310 2747 stava
1323 2694 1389 2755 sihi,
1403 2706 1441 2746 te·

373 2768 703 2841 rentisettempeetetibue
717 2770 830 2823 resistet.
839 2772 874 2824 Η.
922 2770 1013 2841 iisque
1025 2771 1148 2840 pharetra
1163 2772 1257 2837 Dives,
1269 2786 1295 2825 et
1308 2792 1325 2825 e
1340 2774 1439 2827 Nemee
1524 2776 1525 2781 ’

413 2871 441 2921 9.
451 2851 559 2903 Flaturu.
570 2850 700 2901 Ventum
713 2848 885 2921 H.-Disfi·
928 2862 1019 2921 reptos
1036 2851 1146 2903 amictus
1169 2851 1243 2905 ubit?
1260 2852 1351 2905 reon
1371 2852 1442 2905 uti?

374 2932 532 3001 mmmm
545 2928 665 2982 nomed.
679 2929 724 2981 Sic
739 2928 819 2982 etism
835 2929 885 2983 Gr.
928 2929 993 3001 quis
1009 2943 1035 2983 te
1056 2943 1109 2983 tam
1126 2930 1194 2983 tristi
1215 2931 1304 2985 fronte
1322 2932 1440 3003 figuret?

375 3024 402 3066 et
415 2986 460 3065 dl.
472 3010 534 3077 diss.
547 3008 654 3061 mnudi
666 3010 739 3062 Brot.
752 3009 806 3061 En.
928 3008 1061 3081 Lysippus
1074 3031 1080 3061 ι
1094 3023 1172 3081 paret
1179 3011 1316 3065 multusin
1327 3028 1378 3065 ture
1389 3010 1439 3063 do·

418 3109 461 3144 ro.
472 3081 566 3141 Febr'dr
577 3090 731 3142 Verrucosus.
744 3089 886 3153 Qstubius
929 3089 995 3142 ior:
1016 3091 1096 3142 Arme
1116 3090 1163 3143 tibi
1182 3108 1277 3145 moeres
1296 3090 1411 3143 detracta
1431 3109 1438 3144 :

375 3168 887 3239 Maximusdictator‚Cuuctetorque‚cui
929 3168 988 3239 quis
1000 3168 1106 3223 abstulit
1117 3168 1181 3222 itta?
1193 3170 1284 3223 Unum
1294 3182 1440 3234 certamen,

376 3268 487 3305 verruca
504 3268 536 3304 ex
556 3267 671 3302 summo.
686 3248 760 3301 labio
776 3249 885 3301 estube·
927 3246 975 3303 aed
988 3266 1082 3318 grave,
1104 3267 1206 3320 praepes
1220 3249 1315 3303 Amor.
1332 3274 1344 3295 ι
1362 3250 1398 3303 H.

376 3348 438 3384 reus
447 3330 591 3383 Verrucosi
604 3346 702 3381 uomeu
718 3326 801 3380 dedit.
815 3329 885 3382 Piut.
972 3346 1017 3379 ru.
1029 3325 1102 3381 Sole.
1119 3328 1284 3383 Describitur
1298 3328 1321 3381 is
1335 3329 1441 3400 egregie

377 3409 406 3463 iu
420 3409 519 3474 Fabio,
532 3428 561 3481 p.
575 3414 640 3478 174.
659 3407 693 3473 Q.
708 3408 798 3459 Serere.
816 3426 886 3471 uxr,
929 3426 943 3461 a
955 3407 1066 3461 Philone
1081 3408 1208 3478 Byzantio
1219 3406 1253 3461 de
1262 3418 1362 3479 septem
1376 3408 1438 3461 nur.

378 3508 408 3560 p.
424 3493 479 3550 rot
492 3509 500 3540 s
514 3514 526 3537 ι
538 3486 675 3540 Interdum
695 3486 797 3540 exsistit
813 3487 886 3559 turpi
928 3504 988 3558 pag.
1002 3504 1046 3540 rr.
1057 3485 1127 3539 Vide
1137 3501 1163 3541 et
1172 3486 1285 3542 Anshot
1297 3489 1400 3559 VLep.
1414 3504 1439 3540 1.

378 3586 488 3636 verruca
505 3567 606 3638 pupilis
627 3586 633 3620 :
661 3566 734 3621 Hinc
750 3565 887 3638 quondam
973 3563 1017 3619 13.
1038 3566 1138 3619 Chares.
1154 3566 1294 3621 inchoarat
1312 3568 1334 3620 is
1351 3584 1436 3621 seue:

378 3648 461 3701 Fabio
480 3666 574 3711 serum
594 3665 742 3717 cognomen
761 3646 887 3712 edhaesit,
930 3643 976 3699 sed
989 3663 1072 3715 quum
1089 3658 1200 3699 amaret
1211 3646 1239 3699 in
1255 3648 1357 3700 ratione
1375 3648 1439 3699 sub-

378 3728 436 3793 Qui
448 3727 519 3780 solus
534 3726 627 3797 petrin
641 3723 793 3779 cunctando
810 3726 886 3779 resti·
930 3722 1059 3777 ducende
1068 3726 1205 3796 impensae,
1214 3744 1295 3797 opere
1303 3726 1439 3792 inchoato,

377 3806 430 3861 tuit
439 3826 507 3863 rem.
522 3804 639 3858 *Herm
930 3805 982 3858 sibi
1005 3822 1098 3858 necem
1124 3805 1224 3859 intulit.
1246 3808 1346 3859 Auctor
1366 3807 1437 3859 Sext.

421 3885 697 3956 tr.QumHercu1em.
704 3884 886 3939 ItsPiutsrch.
929 3884 1034 3955 Empir.
1053 3882 1156 3938 edre'rs.
1172 3885 1326 3939 Mnuvtr.
1344 3887 1439 3957 Itequc

376 3967 405 4019 iu
418 3966 512 4033 Fabio,
524 3984 583 4037 peg.
598 3966 661 4032 187,
675 3976 702 4015 et
714 3964 819 4029 Suebo,
831 3965 884 4029 vl,
928 3965 1041 4034 perfecit
1060 3964 1140 4029 elius,
1165 3984 1198 4019 ex
1218 3964 1311 4018 eodem
1334 3964 1438 4036 oppido

374 4064 435 4117 pag.
455 4046 520 4115 278.
541 4042 697 4096 Dedicatum
718 4043 771 4095 hoc
786 4042 884 4097 deiude
928 4042 1017 4099 Rhodi
1035 4043 1131 4097 Lindo.
1156 4046 1198 4097 Dc
1215 4063 1269 4115 quo
1293 4044 1440 4102 Simonidis

373 4126 545 4179 simulacrum
556 4133 608 4187 est,
618 4122 789 4194 positumque
798 4124 826 4175 iu
835 4124 883 4177 Ge·
926 4136 1010 4179 essert
1018 4125 1181 4196 epignmurs
1190 4124 1217 4177 iu
1228 4125 1335 4179 Authui.
1345 4126 1398 4193 IV,
1409 4128 1442 4205 ⁶².
