3100 5125
327 540 329 543 ·
370 499 438 571 582
641 501 681 567 C.
707 496 875 566 PLINll
900 494 1005 562 NAT.
1032 493 1160 560 HIST.

368 617 633 730 quinquaginta?
653 635 858 706 Xenocrates
873 643 990 697 auctor
1006 611 1085 712 est-⁴,
1102 648 1159 694 vas
1173 624 1417 754 amphorale
1385 650 1438 694 vr-

370 766 461 810 sum:
481 755 514 807 et
532 737 651 830 aliqui,
664 736 815 805 exIndia
831 733 1020 828 crystallum
1034 717 1266 800 sextariorum⁵
1280 745 1436 850 quatuor.

370 847 441 915 Nos
456 843 583 938 liquido
597 842 763 914 affirmare
779 865 971 936 possumus,
984 841 1017 906 in
1031 837 1181 906 cautibus
1192 836 1323 966 Alpium
1335 839 1439 922 nosci,

369 967 467 1044 atque
480 950 588 1019 adeo
579 950 696 1033 1nviis‚
716 963 753 1014 ut
768 947 961 1041 plerumque
979 945 1059 1013 lune
1078 929 1277 1038 pendentes⁶
1291 967 1364 1011 earn
1382 967 1436 1011 ex·

369 1055 512 1124 tmhant.
528 1056 682 1124 Peritis
657 1077 748 1149 signa
766 1068 799 1122 et
811 1054 930 1123 indicia
949 1064 1128 1120 notarunt.
1145 1048 1347 1118 lnlestsntur
1388 1047 1436 1116 lu·

368 1164 458 1230 rimis
468 1161 574 1230 vitiis⁷
584 1187 591 1225 :
603 1160 720 1230 scabro
732 1160 923 1241 ferrumine,
939 1155 1106 1225 maculosa
1119 1155 1218 1239 nube,
1232 1153 1365 1224 occulta
1385 1154 1437 1224 sli-

409 1362 436 1415 3.
453 1362 684 1414 Lilmrumcircitsr
697 1363 882 1432 quinquaginta.
925 1359 1062 1422 centibus,
1083 1357 1208 1429 jugirque
1234 1357 1378 1411 montium.
1403 1357 1435 1410 ll.

369 1441 413 1494 An
435 1441 549 1493 librorum
563 1441 607 1494 CL
614 1436 635 1487 Ρ·
644 1440 740 1511 legitur
757 1441 836 1491 etism
854 1440 881 1491 in
965 1457 991 1508 7.
1007 1439 1157 1504 infestantur
1163 1437 1276 1506 plurimis
1286 1440 1355 1488 vitiis
1366 1475 1374 1500 ,
1385 1458 1438 1488 scs-

370 1521 440 1572 Plin.
455 1521 648 1589 exemplaribus
662 1539 668 1571 :
684 1547 695 1566 ·
708 1538 788 1589 quam
798 1519 882 1570 Divus
924 1517 979 1583 bro,
984 1517 1127 1586 ferrugine,
1141 1529 1189 1569 etc.
1200 1517 1265 1585 Leg.
1280 1542 1292 1562 ι
1307 1517 1438 1569 Infestan-

370 1600 505 1669 Augustus
518 1597 651 1651 dicaverat
664 1625 688 1650 ι.
710 1598 826 1651 Sscrtts.
842 1629 882 1640 --
925 1595 1186 1668 turplurimisritiis,
1199 1595 1303 1657 scabro,
1314 1595 1437 1648 ferrumi-

372 1678 663 1749 Cirriterqoioyragirta.
670 1676 713 1729 Sic
719 1677 797 1729 etiam
804 1676 882 1729 MSS.
924 1695 975 1740 ne,
988 1677 1119 1730 maculosa
1130 1676 1220 1740 nube,
1236 1676 1341 1728 occulta
1349 1676 1434 1746 aliquo

372 1759 406 1808 tr
421 1757 544 1820 Solinus,
557 1757 609 1809 CL.
624 1757 716 1809 Hsen.
731 1787 771 1797 -—
782 1757 883 1826 Magni·
925 1756 1040 1816 remica,
1050 1753 1173 1827 preduro
1184 1755 1327 1826 fragilique
1337 1768 1436 1816 centro,

371 1837 429 1888 tudo
441 1837 586 1905 amplissima
598 1875 605 1887 .
616 1876 638 1888 ..
655 1836 770 1887 librorum
790 1839 884 1887 circiter
925 1834 988 1887 item
1003 1835 1056 1888 sale
1069 1835 1209 1905 appellato.
1226 1861 1237 1882 ι
1261 1835 1293 1886 In
1316 1834 1388 1887 lerro
1402 1827 1435 1886 τὸ

371 1919 554 1987 quinquaginta.
585 1915 693 1978 Quanto
724 1913 883 1986 ampliorem
925 1917 1021 1984 κέντρον
1047 1931 1178 1985 agnovere
1204 1913 1309 1978 Greci,
1336 1925 1437 1984 portem

371 2013 443 2057 ponc
456 1995 578 2047 norimus
592 1994 707 2065 crystalli
725 1992 885 2063 magnitudi·
926 1995 982 2063 ejus
997 1991 1173 2044 durissimam.
1192 1993 1308 2047 Sssrrss.
1320 2025 1361 2034 -
1373 1993 1438 2058 Inse-

372 2091 435 2125 nem
445 2073 452 2126 !
463 2075 495 2125 In
508 2073 645 2127 montibus
655 2074 731 2125 rollis
745 2073 890 2139 Oberlrasti,
926 2083 1028 2124 stortur.
1042 2072 1182 2142 crystalli,
1197 2071 1299 2142 inquit,
1309 2070 1436 2124 haecvitia

373 2152 477 2223 inpogo
489 2153 788 2215 Bernensi,lecontoode
797 2154 885 2218 Reme,
927 2163 988 2204 sunt
1009 2171 1014 2202 :
1034 2150 1168 2203 scabrities
1193 2169 1223 2202 sc
1246 2152 1371 2222 ferrugo,
1393 2169 1436 2202 seu

374 2231 480 2284 invento
503 2245 542 2284 est
564 2249 625 2301 pers
654 2232 783 2302 crystalli,
809 2234 885 2302 cujus
946 2231 1012 2283 uelis
1033 2231 1061 2283 in
1086 2231 1157 2283 lerro
1179 2231 1275 2299 rubigo
1299 2231 1434 2292 cernitur,

373 2308 479 2380 pondus
499 2323 554 2363 eret
578 2311 705 2363 librorum
733 2315 794 2365 eoo.
821 2312 887 2362 Alite
927 2249 1025 2379 lMSS.
1040 2311 1174 2377 ferrumine
1190 2309 1243 2361 hoc
1258 2305 1332 2362 'loco
1358 2328 1436 2379 agno·

374 2401 449 2442 crem
462 2390 500 2441 ibi
517 2403 604 2458 portes
619 2390 747 2443 librarum
764 2395 831 2455 600,
844 2391 886 2443 vel
927 2401 1021 2453 scunt,
1032 2409 1105 2454 non,
1117 2387 1236 2453 ut'editi,
1249 2389 1349 2452 scabro,
1356 2389 1441 2456 ferree

377 2468 447 2535 ⁵00;
462 2468 686 2539 plureslibrarum
697 2469 810 2538 emplius
826 2488 885 2524 roo.
927 2465 1006 2539 yios)
1021 2469 1151 2521 maculosa
1167 2469 1268 2532 nubes,
1287 2479 1339 2520 etc.
1351 2467 1386 2521 tt.

375 2547 475 2601 Totum
483 2547 588 2619 pondus
601 2550 718 2619 portium
733 2549 886 2619 crystalliin
968 2547 992 2602 8.
1004 2549 1108 2602 Occulta
1121 2551 1206 2619 'aliqua
1218 2549 1438 2602 consiccvomice

375 2644 430 2680 une
440 2646 551 2681 coverne
559 2628 597 2680 ibi
609 2641 772 2699 repertorum
784 2642 810 2681 et
821 2634 887 2700 prte-
927 2630 1039 2698 proprie
1066 2641 1155 2703 tumor
1175 2640 1213 2680 est
1240 2646 1393 2680 excrescent
1411 2628 1437 2682 in

376 2708 539 2761 stantissimae
552 2721 654 2761 nature
667 2710 723 2760 sine
738 2709 824 2771 vitiis,
839 2709 887 2762 luit
927 2708 1015 2777 aliquo
1026 2722 1100 2778 parte
1111 2707 1247 2777 corporis,
1269 2706 1369 2759 saniem
1381 2706 1438 2759 flui-

374 2786 505 2839 librorum
525 2806 648 2848 romono.
664 2788 735 2840 Toto
751 2787 885 2859 hrocci-y-
928 2785 988 2839 dam
1005 2788 1143 2840 continens
1170 2787 1197 2837 in
1218 2805 1282 2839 sese.
1303 2784 1346 2838 td
1358 2787 1438 2857 hujus

376 2866 467 2917 stellus
479 2866 530 2918 fuit
543 2866 667 2919 testimon
675 2867 775 2936 gallice
787 2878 887 2920 nostres
927 2865 1126 2920 similitudinem
1137 2868 1165 2918 in
1175 2866 1437 2935 crystallovomicam

375 2958 490 2997 monete
504 2945 579 2997 libris
591 2946 781 3012 90,ooo.Vide
791 2947 886 2999 θεοῦ·
928 2946 1044 3011 Plinius,
1059 2948 1169 3017 opinor,
1191 2946 1334 3015 intelligit,
1350 2946 1436 2997 occul·

375 3041 442 3085 sne,
451 3026 560 3076 Histoire
570 3026 734 3077 notunlledes
742 3026 846 3094 glaciem
857 3026 887 3077 ds
929 3038 981 3078 tom
995 3026 1023 3077 in
1034 3025 1121 3077 medio
1134 3026 1258 3095 crystallo
1269 3042 1346 3096 aqum
1355 3036 1439 3094 guttu-

376 3104 401 3153 la
412 3103 501 3167 Suisse,
515 3122 575 3174 pag.
589 3110 633 3167 60.
645 3105 722 3158 Adeo
734 3106 769 3158 ob
783 3105 886 3175 copiam
928 3104 996 3169 lom,
1010 3124 1070 3176 qum
1079 3104 1198 3158 nondum
1213 3104 1294 3157 luerit
1306 3104 1367 3175 gelu
1380 3122 1439 3157 con·

376 3183 549 3236 imminutum
566 3198 604 3236 est
618 3184 691 3256 spusl
706 3204 755 3237 nos
770 3186 885 3255 crystalli
929 3197 1009 3237 creta.
1022 3184 1112 3237 Exstat
1123 3184 1150 3236 in
1161 3184 1275 3236 similem
1286 3184 1436 3255 crystallum

375 3264 500 3332 pretium.
516 3260 600 3315 Boon.
813 3292 816 3297 ·
928 3262 1438 3335 epigrammsClaudisnigeminum,in

418 3347 443 3403 4.
456 3342 522 3393 Idem
533 3343 683 3394 Xenocrates
693 3356 778 3395 atsctor
786 3338 886 3405 sst(sic
929 3338 1115 3414 Antholngia,
1143 3343 1191 3396 lib.
1218 3343 1276 3407 IV,
1302 3342 1344 3394 tit.
1376 3344 1409 3395 18
1430 3358 1437 3393 τ

375 3418 475 3491 prius).
496 3423 588 3492 Lege:
607 3448 618 3469 ι
636 3420 711 3474 Idem
726 3424 887 3476 Xenocrstes
928 3420 1083 3475 Kteclmssi
1096 3424 1128 3483 εἰς
1145 3425 1276 3493 spiceum
1294 3423 1360 3482 ι’ντὸς
1374 3418 1435 3489 ὕδωρ

374 3514 468 3554 auctor
487 3516 526 3555 est
548 3519 592 3554 vas
609 3502 762 3571 amphorale
780 3504 884 3555 risum:
929 3504 1294 3574 1χουσκν.Χιοννήκρὺς-αλλος
1312 3502 1358 3554 ὑπ’
1371 3502 1437 3569 ἀέρος

375 3594 400 3633 et
410 3580 493 3650 nliqui
503 3600 534 3633 ex
545 3580 621 3633 Indis
632 3581 749 3651 crystalli
761 3582 886 3634 sextario·
929 3582 1080 3646 ἅσκηθιῖσα,
1107 3582 1185 3645 Δεῖξον
1213 3581 1355 3649 ἀκηρασίοιο
1389 3600 1437 3631 πα-

375 3678 435 3711 rum
444 3672 567 3729 quatuor.
578 3688 590 3706 ι
599 3660 631 3712 ld
643 3673 698 3725 est,
712 3680 756 3713 ves
768 3662 884 3734 crystalli
928 3662 1022 3714 νοίολον
1034 3662 1115 3713 εἰκόνα
1125 3664 1216 3732 κόσμου
1225 3702 1232 3725 ,
1241 3663 1349 3731 (λ’νρονὸν
1359 3661 1437 3730 ἀγκὰς

374 3757 405 3789 ex
418 3739 505 3791 Indin.
519 3741 606 3791 sisu.
616 3771 657 3782 -
668 3741 720 3790 Vos
737 3742 883 3810 amplior-ale.
927 3742 1017 3808 (χοντκ
1028 3743 1180 3813 βαρύκτυπον
1188 3736 1268 3793 ἔνδοθι
1277 3742 1375 3793 πόντον.
1383 3739 1437 3791 «Dc

374 3818 449 3880 Quid
471 3819 502 3870 sit
526 3819 672 3888 amphora,
697 3817 814 3871 diximus
833 3819 881 3873 lib.
927 3820 1052 3890 crystallo
1078 3821 1151 3873 intus
1174 3838 1268 3891 squam
1299 3820 1435 3872 habente:

375 3896 451 3962 XIV,
464 3916 521 3967 cop.
535 3898 559 3949 5.
572 3899 663 3950 llsnn.
927 3900 1002 3953 Aeris
1022 3900 1128 3969 ingenio
1148 3900 1243 3971 glacies
1260 3900 1353 3952 sortito
1373 3899 1437 3967 ligu-

414 3976 441 4027 ⁵.
454 3976 617 4030 Serranorum
628 3990 739 4049 quatuor.
749 3979 816 4031 Tres
824 3980 883 4048 pirr-
926 3998 998 4041 ram,
1015 3980 1129 4031 Exhibet
1148 3980 1305 4033 immensum
1322 3979 1400 4030 nobis
1412 3976 1437 4027 in

374 4055 511 4125 tervulgns
526 4057 734 4110 Lutetierocst.
751 4058 842 4110 lissn.
927 4059 1041 4129 imagine
1074 4056 1218 4122 mundum,
1256 4058 1363 4110 AEtlsero
1394 4054 1439 4127 qui
1480 4048 1484 4059 '

413 4134 437 4186 6.
461 4135 528 4187 Fore
552 4138 687 4207 pendentes.
723 4139 746 4189 E
771 4138 883 4190 summis
927 4136 1022 4191 fluctus
1036 4138 1121 4208 pelagi
1136 4136 1364 4209 complectiturin
1378 4152 1435 4187 se.-
