3100 5125
351 527 422 600 368
617 529 657 595 C.
684 527 848 596 PLINII
876 526 983 639 NAT:
1011 529 1137 597 HIST.

348 664 532 758 Polygnoto
551 662 646 754 picti:
662 659 868 752 multumque
888 661 1136 754 comparatione
1155 677 1327 754 superatus
1345 666 1418 733 exi-

349 769 560 852 stimabatur,
579 767 737 859 quoniam
755 790 823 832 non
842 790 901 833 suo
921 789 1040 859 genere
1057 779 1213 834 certasset
1222 755 1244 834 ⁴.
1267 769 1359 837 ldem
1382 785 1420 839 et

347 875 514 945 lacunaria
528 872 652 965 primus
670 873 806 965 pingere
824 872 979 954 instituit,
998 895 1059 939 nec
1078 895 1228 940 cameras
1242 887 1319 941 ante
1336 900 1418 943 eum

315 1011 329 1044 s
348 966 476 1050 taliter⁵
492 977 644 1046 adornari
659 1001 730 1045 mos
746 976 820 1044 fuit.
834 979 956 1044 Parvus
970 976 1126 1070 pingebat
1141 977 1295 1062 tabellas,
1310 983 1417 1049 maxi·

349 1109 468 1179 meque
487 1107 616 1178 pueros.
642 1085 716 1151 Hoc
733 1080 842 1150 aemuli
863 1105 939 1149 eum
958 1082 1261 1175 interpretabantur
1282 1083 1410 1171 facere,

349 1192 504 1286 quoniam
524 1187 616 1258 tarda
636 1189 772 1281 picturae
796 1188 878 1255 ratio
902 1201 986 1255 esset
1007 1186 1071 1255 illa.
1098 1189 1324 1275 Quamobrem
1349 1193 1426 1279 arti·

349 1298 487 1366 daturus
511 1310 544 1363 et
563 1293 736 1363 celeritatis
754 1291 895 1378 famam,
917 1291 1059 1360 absolvit
1078 1317 1145 1361 uno
1166 1292 1218 1361 die
1240 1295 1416 1382 tabellam,

349 1427 422 1498 quae
435 1414 553 1470 vocata
565 1414 615 1468 est
627 1382 855 1484 hemeresios⁶,
867 1421 970 1491 puero
982 1399 1082 1492 picto.
1096 1400 1227 1467 Amavit
1239 1401 1270 1467 in
1276 1401 1418 1493 juventa

236 1501 246 1517 ’
349 1509 525 1604 Glyceram
553 1506 753 1598 municipem
780 1502 905 1590 suam⁷‚
931 1490 1169 1572 inventricem⁸
1188 1529 1414 1575 coronarum:

350 1716 441 1771 editi:
461 1717 489 1768 in
509 1713 584 1768 MSS.
603 1714 691 1784 Taepa
713 1731 724 1764 .·
744 1709 812 1782 quid
838 1713 858 1764 si
905 1711 991 1776 Quem
1006 1708 1103 1764 Isidori
1115 1711 1202 1766 locum
1217 1713 1350 1767 immerito
1361 1715 1418 1768 Sal-

350 1796 452 1867 Delplu's
466 1795 573 1866 potius?
587 1792 655 1845 Nam
666 1791 700 1844 de
711 1791 861 1860 Polygnoto
904 1789 1003 1842 manius
1020 1789 1206 1860 reprehendit,
1230 1792 1258 1844 in
1280 1793 1355 1846 Nott.
1381 1793 1418 1847 ad

256 1924 259 1928 Δ
350 1877 465 1940 Thasio,
484 1875 560 1945 cujus
578 1872 653 1924 refici
672 1867 744 1922 nunc
757 1871 861 1941 pictura
905 1869 945 1920 Fl.
959 1869 1116 1939 Vopiscum,
1130 1889 1188 1940 pag.
1202 1871 1268 1938 393,
1282 1873 1328 1924 ubi
1339 1885 1418 1944 negat

350 1953 458 2018 dicitur,
468 1952 569 2006 Plinius
577 1951 633 2021 ipse
642 1969 723 2020 supra
733 1967 792 2020 cap.
807 1947 859 2002 35:
904 1948 1038 2000 lacunaria
1054 1949 1163 2002 cameris
1179 1967 1304 2019 umquam
1317 1971 1418 2023 suppo·

351 2057 363 2080 ι
375 2034 425 2087 llic
439 2033 549 2103 Delphis
563 2029 648 2083 aedem
666 2029 767 2100 pinxit,
787 2053 799 2076 ι
818 2027 861 2080 cui
904 2029 952 2080 sita
964 2027 1050 2082 fuisse.
1058 2029 1143 2098 Atqui
1152 2027 1417 2084 bocPliuiuadiserte

351 2127 378 2166 et
395 2114 550 2166 Pausaniam
566 2107 720 2180 adstipulari
736 2106 860 2159 diximus.
905 2107 1054 2160 confirmat.
1073 2109 1108 2160 Et
1125 2108 1313 2162 Constantinus
1328 2111 1367 2162 M.
1388 2111 1418 2164 in

351 2185 861 2260 H.-Tlrespiis.Brot.exblSS.llegg.
906 2186 1029 2256 epistola,
1051 2203 1130 2256 quam
1154 2187 1286 2239 Eusebius
1309 2189 1418 2256 recitat,

351 2284 377 2325 et
388 2270 452 2325 edit.
466 2269 601 2342 principe,
615 2265 712 2320 Tuta.
722 2265 774 2318 En.
905 2265 952 2317 lib.
977 2263 1032 2328 ΠΙ,
1055 2263 1088 2316 de
1109 2267 1166 2336 ejus
1188 2267 1255 2330 vita,
1277 2284 1336 2339 cap.
1358 2266 1415 2321 32:

392 2357 419 2415 4.
445 2352 564 2418 Quoniam
583 2366 631 2399 nort
649 2365 693 2397 suc
710 2365 796 2414 genere
813 2363 863 2395 cer·
905 2345 954 2400 tut
966 2345 995 2396 di
1008 2347 1052 2404 τῆς
1064 2345 1190 2408 βασιλικῆς
1203 2347 1329 2416 καμάραν,
1341 2348 1418 2400 πότι-

351 2441 431 2483 tasset.
444 2430 508 2482 Non
523 2429 615 2496 inquo
628 2423 863 2477 maximeexcelle-
905 2443 943 2492 ρον
963 2423 1133 2492 λακωναρίαν,
1154 2425 1170 2480 ἡ
1191 2419 1226 2476 dt·
1249 2427 1333 2495 talpae
1354 2433 1417 2488 τινὸς

350 2512 395 2565 bat
403 2503 732 2582 generepictnrse.Pausias
740 2503 811 2555 enim
819 2520 863 2554 en·
906 2502 1021 2575 ἐργασίας
1032 2504 1143 2572 γινέσθαι
1155 2522 1191 2554 cm
1203 2498 1281 2570 domi,
1292 2503 1363 2575 rapit
1375 2513 1417 2560 σοῦ

351 2603 457 2650 caueto,
472 2583 767 2658 Polygnotuspenicillo
781 2582 863 2635 excel·
904 2590 994 2653 γνῶναι
1014 2583 1141 2652 βούλομαι.
1165 2584 1193 2635 El
1210 2584 1258 2655 γὰρ
1277 2586 1418 2655 λωιωναρία

350 2670 408 2722 luit
421 2666 724 2736 Encaustopingere,et
737 2662 863 2734 penicillo
906 2656 966 2715 altat
991 2662 1082 2731 ptuit,
1109 2658 1242 2718 δυνήσεται
1267 2664 1308 2715 xal
1336 2674 1417 2738 χρυσῷ

350 2750 470 2820 pingere,
478 2745 622 2799 differunt:
634 2744 700 2795 ceris
706 2738 863 2804 illuminat
905 2744 1103 2798 κώλωπισθῆναι
1114 2743 1142 2793 τὸ
1151 2744 1302 2809 taurinum.
1312 2768 1322 2790 ι
1335 2744 1417 2797 Porro

351 2828 494 2881 coloribus
506 2825 596 2877 lisso.
905 2838 1036 2873 cameram
1043 2820 1159 2873 Basilica
1167 2834 1254 2874 utrum
1260 2822 1418 2894 laqueatam,

392 2908 420 2960 5.
445 2905 498 2958 Nec
522 2922 627 2955 cameras
649 2913 705 2952 ante
729 2918 782 2952 enm
805 2898 863 2951 tati·
905 2918 938 2953 an
952 2900 1004 2951 alio
1019 2898 1146 2970 quopiam
1164 2902 1252 2971 operis
1266 2920 1362 2971 genere
1379 2904 1418 2955 la·

351 3000 396 3049 ter,
408 2998 458 3038 etc.
470 2985 586 3037 Camere
602 2979 767 3034 lacunaribus
785 2996 863 3029 orna·
906 2977 1026 3031 ciendam
1043 2996 1164 3046 censeas,
1179 2981 1345 3034 certiorate
1360 2980 1418 3034 lieri

349 3067 458 3129 bantur,
477 3075 522 3115 aut
541 3061 647 3113 musivo
668 3077 749 3129 opere
771 3057 864 3127 pinge·
907 3058 996 3111 velim.
1011 3056 1078 3109 Nam
1099 3058 1121 3110 si
1138 3058 1257 3129 laqueata
1274 3058 1335 3123 fiet,
1353 3080 1417 3113 auro

351 3146 456 3198 bantur.
469 3144 529 3213 Ipsa
539 3138 672 3193 lacunaria
683 3139 724 3190 vel
740 3136 863 3189 deaurari
906 3154 1015 3208 quoque
1032 3148 1135 3207 poterut
1155 3139 1285 3191 exornari,
1301 3165 1312 3185 .
1329 3138 1364 3190 ll,
1377 3172 1417 3183 ...

350 3224 483 3286 solebant,
495 3222 537 3274 vel
547 3220 620 3290 pingi
631 3217 779 3280 coloribus,
789 3212 862 3287 quod
905 3216 1068 3277 Lacuuaria,
1087 3216 1121 3268 les
1137 3216 1252 3286 plasonds
1259 3238 1270 3279 ,-
1288 3236 1417 3284 manere,

351 3303 450 3357 Pausiae
465 3301 554 3372 primo
573 3300 711 3351 inventum
725 3296 785 3348 luit.
807 3296 862 3346 Au·
906 3296 939 3349 hs
955 3308 1127 3366 appartemens.
1144 3297 1226 3349 Baua.
1306 3357 1310 3366 ι

350 3397 409 3437 ctor
431 3380 605 3452 questionum
619 3376 725 3429 Veteris
746 3387 773 3427 et
791 3372 862 3427 Novi
948 3378 974 3426 6.
1001 3374 1156 3427 Hemererios.
1179 3364 1336 3446 llptplerte,
1364 3376 1418 3430 diei

283 3508 286 3512 .
350 3459 528 3522 Testamenti,
541 3477 588 3529 qn.
601 3460 668 3508 106:
682 3482 693 3502 ·
704 3455 779 3507 Sicut
792 3453 861 3505 euim
906 3454 987 3507 unius
998 3453 1109 3523 pictum.
1121 3454 1212 3507 lisso.

350 3541 382 3595 ad
394 3550 578 3593 ornamentum
590 3534 685 3589 domus
696 3535 824 3605 pertinet,
840 3532 863 3584 si
947 3550 973 3601 7.
998 3533 1097 3584 Amavit
1120 3536 1145 3583 r'n
1163 3535 1262 3602 juventa
1288 3534 1417 3607 Glyceram

349 3638 452 3675 camera
471 3620 527 3689 ejus
547 3617 642 3669 habeat
658 3632 723 3666 auro
738 3610 862 3665 distincta
905 3614 1043 3681 municipem
1062 3630 1137 3664 stram.
1158 3611 1306 3683 Sicyonium
1329 3614 1417 3683 igitur.

350 3698 499 3772 laquearia,
511 3710 561 3749 etc.
574 3722 586 3742 a
603 3691 697 3747 isidor.
715 3692 791 3754 XIX,
806 3707 860 3742 ra:
906 3692 941 3743 m
952 3690 1065 3761 Glycere
1076 3692 1218 3752 meretrix,
1230 3710 1289 3762 quae
1299 3692 1419 3745 Praxite-

351 3777 517 3850 1Laquearia
542 3786 616 3836 sunt,
643 3789 701 3841 que
730 3786 861 3823 cameram
905 3770 938 3823 lis
954 3770 1067 3823 amicae
1090 3769 1219 3823 Strabone
1233 3770 1342 3833 dicitur,
1363 3774 1417 3838 tx,

348 3861 490 3927 subtegunt
506 3868 532 3907 et
545 3862 657 3911 ornant,
670 3868 729 3921 quat
748 3862 774 3901 et
788 3849 859 3901 lacu·
902 3867 930 3919 p.
942 3849 1307 3919 ttrmThespieusiselioeotia
1316 3850 1415 3905 tutttt.

348 3939 422 3992 naria
435 3934 563 3988 dicuntur
581 3950 588 3983 :
605 3928 678 4000 quod
693 3930 765 3981 lacus
780 3945 859 4004 quos·
944 3932 971 3982 8.
991 3928 1155 3981 leccatricem.
1172 3929 1215 3981 Sic
1233 3929 1295 3981 libri
1310 3948 1417 3993 omnes,

349 4022 408 4069 dam
423 4012 566 4085 quadratos
582 4010 623 4062 vel
634 4006 775 4071 rotundos,
786 4007 859 4077 liguo
904 4007 981 4059 etiam
997 4007 1073 4060 MSS.
1089 4027 1146 4061 non
1160 4011 1283 4072 ultricem,
1302 4021 1332 4060 ut
1344 4009 1418 4079 fingit

349 4097 390 4147 vel
406 4112 505 4165 gypso,
530 4091 570 4142 vel
593 4088 729 4143 coloribus
746 4086 860 4139 habeant
903 4086 1044 4139 Salmasius
1057 4087 1084 4139 in
1096 4086 1179 4139 Solin.
1194 4104 1254 4159 pag.
1267 4092 1333 4152 atti,
1343 4089 1417 4140 inau-

348 4174 443 4246 pictos,
451 4188 512 4225 cnm
521 4166 859 4240 siguisintermicantibus.·
905 4164 958 4217 (litu
973 4184 1081 4236 prorsus
1097 4166 1125 4219 in
1141 4166 1218 4218 Latio
1239 4184 1318 4231 voce,
1333 4184 1416 4238 quum
