3100 5125
237 574 239 579 ·
352 533 424 624 [19⁰
623 531 661 596 C.
689 529 858 598 PLINll
889 529 996 596 NAT.
1023 527 1152 594 HlST.

353 646 464 731 strati⁸
491 660 604 731 Gnidii
623 662 795 730 architecti
816 676 989 732 structurae
1010 661 1110 754 ipsius
1131 683 1253 728 nomen
1273 660 1420 730 inscribi.

353 771 443 838 Usus
467 768 557 860 ejus,
582 782 748 837 nocturno
769 770 903 838 navium
928 792 1029 838 eursu
1052 768 1144 860 ignes
1166 765 1361 853 ostendere,
1381 767 1422 836 ad

352 873 605 970 praenuntianda
638 874 740 958 vada,
767 888 949 968 portusque
971 874 1169 942 introitum:
1188 859 1321 964 qualcsl
1355 872 1421 965 jam

353 979 580 1074 compluribus
595 979 675 1050 locis
692 983 853 1076 flagrant,
867 997 905 1050 ut
920 981 1022 1050 Ostiae
1041 1003 1081 1048 ac
1096 982 1272 1046 Ravennoe.
1288 980 1422 1047 Pericu-

352 1085 468 1156 lumin
483 1087 730 1158 continuatione
742 1089 868 1182 ignium
884 1112 925 1156 ue
938 1086 1026 1156 sidus
1040 1087 1254 1172 existimetur,
1265 1087 1420 1178 quoniam

353 1218 371 1260 e
389 1191 570 1288 longinquo
586 1193 698 1264 similis
713 1193 923 1263 flammarum
942 1207 1095 1286 aspectus
1112 1205 1172 1260 est.
1193 1192 1255 1260 llic
1272 1191 1361 1260 idem
1376 1215 1423 1260 ur·

354 1299 517 1369 chitectus
538 1301 664 1393 primus
682 1303 832 1371 omniurn
850 1300 1010 1394 pensilem
1026 1283 1308 1368 ambulationem⁵
1323 1297 1423 1367 Gnidi

355 1405 471 1474 fecisse
488 1406 639 1475 traditur.
1306 1472 1309 1476 .

322 1543 333 1576 ι
408 1515 504 1581 XIX.
529 1501 638 1605 (xru.)
659 1515 817 1584 Dicamus
838 1529 871 1583 et
893 1511 1113 1606 labyrinthos,
1133 1510 1183 1580 vel
1204 1513 1422 1606 portentosis·

354 1619 474 1687 simum
499 1619 636 1690 humaui
660 1618 842 1714 impendii¹
870 1645 973 1715 opus,
999 1618 1161 1704 sednon,
1184 1633 1222 1686 nt
1247 1619 1424 1687 existimari

355 1739 486 1818 potest,
504 1724 633 1794 falsum.

405 1833 517 1900 Durat
531 1821 721 1902 etinmnunc
741 1834 775 1900 in
791 1829 953 1927 AEgypto²
971 1834 1005 1899 in
1020 1829 1286 1926 Heracleopolite
1303 1855 1422 1914 nomo,

354 2032 458 2104 primus
473 2045 535 2103 port
554 2032 733 2086 Alexandrum
752 2036 868 2104 AEgypto
911 2047 950 2086 est
959 2032 993 2086 td
1002 2029 1237 2085 deambulandum.
1248 2031 1309 2095 Qun
1318 2029 1353 2083 de
1361 2049 1425 2084 voce

355 2113 470 2184 prefuit.
479 2112 571 2165 Hero.
912 2112 1112 2184 lexicogrcpboe
1123 2111 1240 2164 contule.
1252 2110 1347 2164 Hunc.

397 2192 422 2243 3.
446 2193 559 2245 Sostrati.
581 2191 745 2262 Deriphenie
759 2191 782 2243 ie
798 2190 869 2245 lilius
955 2193 1028 2246 xlx,
1048 2210 1071 2245 ι.
1087 2191 1213 2262 Impendii.
1231 2190 1338 2242 Prolusi
1355 2208 1425 2244 tnur-

355 2271 405 2324 fuit
421 2273 527 2344 AEgypd
543 2290 637 2342 regum
656 2265 869 2324 familiaris'ami-
913 2285 983 2343 ptus.
1003 2274 1043 2324 Ite
1065 2273 1129 2342 lieg.
1152 2292 1182 2335 α,
1196 2289 1251 2323 non
1266 2272 1374 2340 nigenii,
1396 2283 1425 2322 nt

355 2369 411 2403 cus.
422 2353 489 2404 nir.
498 2352 655 2404 —Sostratrss
663 2351 869 2422 inscriptionem
914 2351 977 2404 editi
988 2364 1015 2404 et
1028 2352 1105 2406 Colb.
1121 2351 1146 2404 3.
1160 2351 1241 2403 Fovet
1252 2350 1309 2420 ipse
1323 2349 1426 2402 Plinius

355 2432 450 2484 recitat
465 2431 575 2494 Strabo,
588 2431 634 2483 lib.
647 2431 739 2495 XVII,
751 2451 779 2501 p.
795 2449 847 2501 79¹
862 2448 869 2483 :
914 2431 942 2483 in
957 2432 1027 2485 calce
1044 2433 1124 2502 hujus
1139 2430 1249 2501 cepitis:
1267 2428 1364 2482 uddeo
1380 2449 1423 2482 ve·

356 2514 560 2565 ΣΩΣΤΡΔΤΟΣ.
572 2515 781 2565 ΔΕΞΙΦΔΝΟΥΣ.
793 2515 870 2564 KNI·
913 2529 975 2566 sant
995 2510 1150 2576 dementia,
1167 2509 1292 2582 quesisse
1314 2509 1423 2581 glorium

356 2597 442 2644 ΔΙΟΣ.
455 2598 565 2645 θΕΟΙΣ.
583 2596 871 2645 rusticantum.
915 2590 1052 2663 impendio
1065 2591 1132 2643 nulli
1149 2591 1302 2661 profuturo.
1312 2614 1324 2637 ι
1350 2589 1426 2643 Vidit

354 2676 435 2725 ΤΩΝ.
446 2676 869 2725 nnmzouunnrtnommvs.
913 2672 966 2725 hoc
979 2684 1006 2725 et
1016 2672 1164 2725 Pintianut.
1175 2668 1265 2723 litun.

334 2769 686 2804 ‘oururvennxrrntnrnn
697 2770 869 2806 nunsnnvt·
957 2774 983 2806 2.
1006 2751 1091 2802 Durat
1109 2755 1243 2803 etiamnunc
1263 2752 1289 2801 in
1302 2749 1426 2821 AEgypto.

355 2848 479 2883 ructare.
510 2849 573 2884 eno.
598 2850 706 2883 sintrr.
732 2850 869 2885 norton·
914 2831 1425 2902 Plinius,utplcriquetttctores‚unuin

355 2928 436 2963 τινι.
450 2912 540 2964 Refert
555 2923 582 2964 et
595 2910 728 2964 Lucienus
741 2911 789 2963 lib.
802 2930 870 2983 quo·
914 2912 942 2965 in
953 2914 1070 2983 Egypto
1082 2910 1266 2981 labyrinthum
1283 2922 1424 2961 memorat.

348 2988 436 3042 ‘modo
461 2990 570 3042 ltistorio
598 2990 632 3043 tit
655 2990 870 3044 conscribendo:
914 2992 944 3043 P.
960 2990 1099 3056 Sictrtlus,
1122 2989 1271 3043 Diodorum
1284 3002 1424 3059 sequutus.

356 3067 503 3141 dolumque
525 3070 603 3122 simul
630 3070 731 3139 operit,
758 3089 814 3141 quo
842 3070 871 3123 id
914 3084 966 3125 tren
985 3070 1150 3143 labyrinthos
1169 3068 1269 3139 reperit
1291 3082 1318 3121 et
1331 3069 1424 3121 lustre-

356 3149 436 3201 luerit
450 3160 588 3219 peractum
606 3168 621 3200 n
637 3150 763 3203 Sostnto.
779 3148 870 3204 Hunc.
914 3151 968 3213 vit;
985 3151 1088 3221 primus
1098 3162 1125 3201 et
1138 3147 1346 3220 antiquissimus.
1358 3166 1373 3198 a
1385 3166 1425 3200 re-

398 3235 426 3291 4.
443 3230 542 3298 Quales.
556 3230 579 3281 E
593 3241 685 3281 nostre
696 3227 725 3281 id
739 3231 871 3301 conjecta·
914 3249 945 3300 ge
957 3229 1055 3285 Mende
1065 3230 1172 3283 Mature
1181 3227 1337 3290 edificatus,
1347 3240 1428 3281 exstet

356 3307 429 3359 tione
446 3321 492 3360 est.
510 3307 578 3361 Nam
599 3309 628 3361 iu
645 3308 723 3362 editis
743 3309 871 3363 hactenus
914 3308 1002 3363 adhuc
1014 3310 1114 3381 integer
1126 3310 1153 3361 in
1166 3306 1425 3377 desertitproviucic

357 3385 431 3440 libris
444 3406 451 3439 :
469 3414 481 3435 ι
497 3390 571 3442 Sicut
581 3391 636 3459 jani
650 3389 713 3442 tales
724 3388 871 3460 compluri·
914 3390 1026 3443 Foebum.
1033 3386 1184 3451 Secundus,
1193 3406 1272 3458 quern
1284 3406 1368 3440 unuin
1378 3384 1426 3438 Pli-

356 3466 406 3519 bus
427 3467 491 3519 locis
505 3468 632 3540 flagrant,
652 3481 682 3521 ut
701 3469 819 3521 Puteolis
840 3486 871 3523 tto
914 3470 988 3535 nius,
1001 3482 1031 3523 ut
1045 3482 1071 3524 et
1083 3469 1129 3522 alii
1142 3467 1238 3531 multi,
1254 3479 1399 3531 memoret,
1411 3485 1427 3517 e

357 3547 492 3600 Ravenna
507 3573 519 3595 ι
537 3545 617 3601 Unde
629 3547 702 3602 bend
716 3547 871 3619 puuiteudt
916 3550 1059 3603 Petesucco
1071 3567 1149 3621 rege,
1161 3546 1202 3599 vel
1214 3546 1426 3609 Pammenem,

357 3624 525 3689 emendatio,
542 3640 569 3679 ut
592 3631 679 3681 Ostiis.
700 3628 770 3681 Nam
790 3629 871 3683 Ostia
915 3642 1060 3683 exstructus
1073 3644 1128 3683 esti
1142 3625 1313 3698 magnificum
1326 3639 1424 3678 errem

357 3720 427 3759 certe
436 3726 452 3759 n
465 3705 577 3761 Claudio
584 3709 745 3778 imperatore
756 3721 869 3761 erectam
916 3708 1173 3781 portentosissimum
1182 3704 1425 3777 bnmcniirnpendii

357 3803 413 3838 esse
427 3812 438 3833 ι
452 3786 603 3839 altissimum
620 3787 727 3852 turrim,
740 3788 768 3839 in
782 3806 872 3841 exem·
915 3808 992 3859 opus.
1012 3790 1134 3859 lugentes
1147 3800 1173 3840 et
1186 3785 1356 3839 admirabiles
1370 3788 1427 3855 ejus

360 3864 434 3934 pluro
460 3864 633 3919 Alexandrini
659 3867 755 3931 Phari,
778 3880 807 3919 ut
836 3868 871 3921 od
914 3870 998 3921 ruine
1012 3882 1113 3922 exstant
1128 3869 1154 3921 in
1170 3864 1425 3919 Alam-etlinun.

358 3958 503 3998 nocturnos
531 3946 605 4016 ignes
633 3965 739 3999 cunum
766 3948 872 4018 navigia
914 3949 1020 4001 Tertius
1043 3950 1124 4002 lectus
1138 3964 1225 4016 trega
1238 3946 1366 3997 Meurin
1382 3944 1426 3995 cle-

358 4020 518 4095 dirigereut,
529 4051 540 4073 ι
550 4039 641 4078 auctor
652 4040 691 4079 est
701 4026 872 4098 Tranquillus
915 4040 984 4081 serto
998 4028 1068 4081 inter
1088 4029 1180 4081 urbem
1197 4022 1427 4095 Crocodilopolim

359 4101 386 4154 in
400 4105 456 4174 ejus
470 4105 538 4169 vita,
550 4124 610 4176 cop.
624 4124 665 4158 xx.
680 4105 770 4159 lltnn.
916 4121 942 4161 et
955 4107 1042 4161 lacurn
1055 4107 1186 4173 Meridie,
1197 4104 1244 4158 ubi
1258 4123 1331 4158 nunc
1343 4105 1425 4155 Ham·

398 4180 870 4240 SAutbulott'omdmbuletiolocns
915 4208 951 4241 ra.
972 4189 1055 4241 Biton.
