3100 5125
464 461 619 572 uranu
646 503 852 572 xxxvu.
1119 499 1186 588 641

122 631 284 706 caeruleis.
296 633 535 729 Sapphirorurn
545 687 557 721 ,
567 659 643 728 quoe
659 661 736 706 cunr
758 659 906 729 purpura
916 618 940 720 ³,
956 635 1089 728 optimae
1102 635 1191 730 apud

126 728 295 810 Medos⁴:
323 765 486 834 nusquam
515 756 627 810 tamen
653 739 841 836 perlucidus.
871 743 1032 822 praterea
1062 739 1193 810 inutiles

126 891 292 956 accenditur,
305 891 393 963 granis
404 891 508 956 aureis,
520 891 638 961 exiguis,
682 892 848 945 carbunculo
867 881 1004 960 (rubino),
1017 910 1132 964 eumque
1144 913 1192 947 vo·

127 975 200 1026 intas
214 971 437 1035 scintillantibus,
461 985 489 1023 et
502 969 572 1023 flavo
587 971 639 1024 iul·
684 972 739 1024 osri
762 972 795 1023 sb
817 971 914 1024 incolis
938 972 1193 1043 sapphirorubiuum

125 1070 193 1122 gore
211 1050 422 1122 splendentibus.
445 1050 539 1102 Aureis
551 1063 638 1103 autern
684 1039 963 1120 (sapphiranthraca).
981 1051 1131 1104 Gemmarii
1144 1071 1193 1106 no·

52 1155 58 1164 .
125 1131 171 1183 rel
184 1131 283 1202 guttis,
298 1131 339 1181 rel
353 1129 429 1181 lineis
439 1127 583 1192 distinctas,
593 1149 640 1182 no·
683 1129 729 1181 stri
748 1141 859 1194 vocant,
873 1130 956 1199 saphir
974 1151 1056 1200 rouge.
1071 1133 1141 1184 Dar..
1155 1165 1194 1175 -

126 1223 207 1273 tatas,
219 1209 345 1274 variatas,
359 1227 513 1279 conspersas
524 1227 640 1280 gemmas
685 1209 745 1261 Croti
754 1227 872 1279 purpura.
887 1207 956 1261 Cum
970 1213 1076 1282 punctis
1089 1229 1194 1283 purpu-

126 1289 156 1342 iu
171 1289 224 1342 hoc
237 1289 316 1341 Plinii
337 1289 410 1340 velut
422 1287 510 1342 indico
527 1291 640 1358 reperio.
682 1288 743 1340 reis.
754 1288 933 1359 Epiphanius,
956 1287 990 1340 de
1010 1309 1051 1343 rur
1067 1291 1194 1362 gemmis,

130 1387 156 1421 ι.
178 1366 366 1433 Sandastrum,
386 1367 530 1438 fulgentem
555 1368 641 1421 aureis
683 1386 743 1438 pag.
760 1382 816 1438 sap
831 1369 920 1428 :Ailou
934 1361 1064 1440 auir'pupoc
1081 1373 1195 1442 πορφυρί-

125 1449 219 1518 guttis.
244 1467 269 1500 a.
288 1447 408 1519 Cyanen.
431 1447 457 1500 3.
479 1445 639 1517 sapphirum
683 1447 778 1507 ζων...
793 1439 990 1518 Πολλὰ’δῦγίν·ι
1009 1451 1096 1501 τοῦτου
1115 1451 1195 1522 batip-

128 1536 157 1590 ά.
171 1527 398 1580 Corallosebaten.
419 1525 446 1579 5.
464 1524 596 1595 Acopids.
611 1530 639 1578 6.
682 1545 780 1593 χουσιν·
792 1526 846 1578 lari
860 1525 907 1598 γὰρ
922 1529 934 1578 l
954 1529 1093 1592 βασιλικὸς,
1106 1549 1194 1598 uuas·

126 1605 309 1660 Clselouitids.
321 1604 527 1676 7.llormesion,
536 1604 641 1659 radian-
684 1606 785 1675 στιγής·
799 1607 825 1658 ui
838 1611 903 1659 πάνυ
915 1601 945 1658 il
957 1599 1026 1668 obrue
1041 1609 1195 1678 θαυμαζόμ-

126 1701 183 1740 tem
199 1705 273 1739 suro.
287 1688 314 1738 8.
327 1685 543 1756 laeuoopetalon,
554 1684 641 1737 aureis
683 1687 779 1746 esuis:
790 1687 801 1737 l
812 1679 892 1738 tuton
904 1688 1050 1756 πορφυρὶζων
1059 1688 1115 1742 ·καὶ
1126 1681 1194 1750 οὗτος

127 1767 209 1820 lineis
228 1762 344 1818 candore
364 1763 500 1818 distincto.
520 1783 546 1832 9.
564 1764 640 1834 Lysi·
683 1758 825 1835 δᾶλίγιται
844 1758 903 1818 sliat
917 1766 941 1816 ἐν
953 1757 1080 1835 τῇἰνδὶᾳ,
1096 1765 1195 1823 natat·

127 1842 384 1910 maehum,llbodio
395 1845 520 1896 marmori
527 1842 640 1895 similem
681 1843 774 1911 θιοπίᾳ.
790 1843 958 1915 ·Supphirus
970 1863 1073 1915 gemina
1089 1865 1194 1919 purpu-

126 1927 218 1980 aureis
239 1924 311 1976 veuis
324 1923 495 1994 picturatum.
513 1942 555 1976 ιο.
570 1921 640 1974 Iseu-
683 1923 771 1976 rascit.
786 1959 793 1975 .
806 1961 812 1975 .
826 1961 834 1974 .
848 1923 934 1976 Multa
945 1935 1006 1976 sunt
1021 1925 1077 1994 ejus
1089 1943 1194 1995 genera.

126 2005 287 2076 eochryson.
305 2020 348 2056 rr.
358 2003 494 2076 Ponticam
509 2001 641 2072 primam,
683 2001 731 2054 Est
742 2001 814 2054 enim
825 2001 912 2072 regius
928 1999 1014 2056 aureis
1027 2002 1133 2074 punctis
1150 2023 1195 2060 va·

127 2085 257 2138 stellatam
279 2083 365 2135 aureis
384 2083 472 2152 guttis.
495 2099 540 2134 ιι.
552 2080 642 2145 Ponti·¹
683 2081 747 2134 rius.
760 2080 830 2142 Non,
838 2094 876 2134 est
889 2100 954 2134 vero
966 2082 1010 2134 laic
1022 2082 1050 2135 in
1064 2094 1136 2137 tanta
1148 2083 1195 2139 atl-

126 2183 189 2216 cam
204 2160 360 2225 secundam,
373 2161 449 2215 lineis
458 2160 545 2214 aureis
554 2160 641 2230 virga·
683 2159 839 2224 miratione,
853 2172 950 2232 quanta
964 2161 1009 2214 ille
1025 2163 1071 2232 qui
1085 2181 1195 2234 prorsus

128 2240 643 2312 tarn.Dar..-Aurumpuuctr'srsllueet
684 2240 871 2311 purpurascit.
885 2242 918 2293 Et
945 2241 990 2298 bic
1014 2240 1114 2296 dieitur
1140 2263 1194 2298 esse

127 2323 248 2375 eoeruleis.
271 2321 369 2374 Aureis
390 2320 498 2391 punctis
522 2318 642 2390 sapphiri
684 2338 768 2390 quum
783 2320 810 2372 in
829 2318 920 2384 India,
935 2332 992 2373 tum
1010 2319 1089 2376 etism
1103 2322 1131 2376 in
1146 2326 1193 2376 Ε-

129 2415 222 2454 cutem
241 2419 297 2454 esse
317 2402 478 2471 inspersam,
499 2411 525 2452 et
541 2397 642 2470 pariter
684 2397 819 2469 thiopia.·
844 2400 908 2452 Her
935 2398 1045 2452 totidem
1072 2402 1193 2472 syllabis,

129 2481 269 2546 caeruleis,
285 2479 475 2551 purpureisve,
490 2476 564 2549 quod
576 2477 641 2530 alte·
683 2478 857 2550 apicibusque
878 2492 1108 2550 representamus,
1128 2495 1197 2552 quot,

129 2580 194 2615 rum
206 2559 324 2632 sapphiri
333 2579 415 2630 genus
429 2573 469 2613 est
481 2557 643 2630 moxappel·
684 2557 791 2612 suntin
812 2555 949 2612 codicibus
971 2558 1048 2613 MSS.
1072 2561 1138 2633 Reg.
1162 2583 1194 2627 a,

128 2639 257 2705 landum,
269 2639 377 2700 indicat.
388 2638 468 2691 Unde
478 2637 641 2708 intelligitur,
684 2637 761 2691 Colb.
778 2638 808 2701 3,
820 2638 885 2691 Fua.
899 2652 926 2692 et
936 2638 997 2691 atiiz
1009 2639 1076 2691 mire
1082 2641 1110 2692 in
1119 2640 1194 2696 libris

128 2734 263 2793 quantum
277 2719 418 2790 sapphirus
431 2719 551 2771 Pliniana
563 2736 579 2769 a
591 2736 642 2769 no·
684 2716 763 2771 editis
776 2718 904 2771 hactenus
920 2718 1097 2789 interpolata:
1111 2720 1194 2792 ·Sap·

130 2814 186 2853 stra
197 2797 343 2870 discrepet,
353 2817 414 2870 quar
427 2809 454 2851 et
466 2810 520 2850 tota
531 2797 642 2850 cerulea
684 2797 780 2869 pbirus
794 2798 865 2850 enim
881 2810 908 2851 et
920 2798 1007 2853 aureis
1018 2797 1125 2868 punctis
1137 2802 1195 2854 col·

131 2894 186 2943 est,
198 2892 225 2932 et
235 2876 388 2948 perlucida:
401 2896 451 2931 nec
462 2875 534 2948 apud
549 2874 643 2929 Medos
683 2876 764 2930 lucet.
773 2877 900 2931 Curulee
910 2878 1195 2952 etsappbiri,raroque

129 2960 221 3011 solum
233 2956 364 3022 ludusve,
377 2956 424 3009 sed
437 2954 544 3027 etspud
554 2956 641 3009 nosin
685 2974 746 3009 cum
767 2975 895 3027 purpura.
916 2957 1034 3029 Optime
1049 2957 1121 3028 apud
1136 2960 1194 3013 Me-

129 3040 240 3109 Europs
259 3038 359 3091 natales
378 3036 467 3091 habet.
485 3035 586 3089 Plinius
599 3035 640 3087 in·
684 3034 747 3097 dos,
762 3048 834 3089 etc.»
850 3037 917 3102 Quas
929 3038 957 3089 iu
969 3039 1026 3108 ejus
1036 3037 1195 3109 interpreta-

131 3118 187 3183 ira,
199 3135 257 3189 cap.
271 3116 324 3180 54:
338 3142 349 3163 ι
358 3116 568 3169 Coralloscbates
582 3129 641 3186 gut·
685 3116 758 3169 tione
772 3116 825 3169 loci
837 3115 977 3169 Salmasius
989 3116 1017 3168 in
1029 3117 1113 3169 Solin.
1132 3136 1194 3190 pag.

132 3198 168 3249 tis
181 3196 267 3250 aureis
278 3195 397 3266 sapphiri
415 3193 496 3249 modo
511 3214 610 3265 sparsa.
626 3220 638 3242 ι
689 3195 903 3265 13²,apuiipuru
909 3194 1064 3263 committit,
1075 3214 1125 3251 neo
1134 3217 1197 3255 enu-

131 3278 275 3329 Hsan.-
288 3277 319 3329 Iu
331 3276 450 3345 sapphiris
469 3293 562 3328 surum.
577 3274 642 3345 Sap·
686 3293 790 3328 merare
807 3286 899 3339 vacat,
920 3293 970 3327 nec
991 3275 1121 3332 refellere.
1143 3276 1195 3331 sed

131 3357 226 3427 phirus
239 3366 341 3409 nostres
354 3366 409 3409 tota
422 3354 534 3426 cerulea
548 3366 601 3419 est,
616 3367 643 3409 et
685 3373 773 3426 neque
790 3352 895 3407 Isidoro
915 3352 1007 3421 crede,
1021 3354 1096 3427 Orig.
1109 3358 1196 3420 XVI,

132 3433 272 3506 perlucida
291 3430 440 3498 (mundun,
461 3434 539 3485 telesia
558 3432 641 3497 bleus,
687 3455 719 3502 9,
735 3433 808 3486 hunc
821 3433 901 3485 Plinii
918 3431 952 3487 de
967 3435 1094 3507 sapphiro
1107 3436 1197 3491 locum

131 3502 349 3585 supbirorieutul),
359 3514 431 3567 itaut
439 3512 561 3589 rideatur
571 3530 644 3583 pem·
687 3531 722 3566 ex
735 3510 884 3582 depravatis
896 3514 1092 3585 exemplaribus
1102 3514 1199 3571 ducti·

134 3613 206 3649 nram
220 3594 348 3647 Veterum
365 3592 551 3664 cognousinem
565 3611 581 3645 a
595 3604 644 3645 no·
687 3592 770 3646 benti.
788 3592 881 3647 itinn.

131 3687 213 3727 strate
225 3671 356 3727 diversam
377 3691 448 3737 esse,
464 3685 511 3725 aut
527 3671 644 3724 Plinium
730 3679 754 3736 4.
773 3672 880 3741 Optima
893 3673 960 3743 apud
975 3673 1068 3726 Medos.
1090 3674 1199 3745 Morbo-

133 3755 162 3805 iu
177 3750 387 3807 transcribendis
397 3753 547 3806 auctoribus
558 3750 645 3804 ballu-
688 3750 763 3816 deus,
771 3751 819 3803 lib.
832 3752 866 3806 de
879 3750 972 3823 Lepid.
985 3765 1051 3822 pret.
1062 3770 1119 3823 cap.
1133 3772 1199 3817 mr,

132 3833 262 3887 cinatum.
282 3833 334 3885 Eu.
518 3881 524 3890 ,
689 3830 725 3885 de
733 3830 875 3902 sapphiro:
893 3853 904 3875 ι
914 3831 965 3883 Hic
975 3849 1083 3902 quoque
1096 3832 1200 3901 syrtites

175 3913 204 3967 3.
220 3913 281 3966 Cum
290 3910 567 3983 purpuru.Garciasnb
579 3911 647 3963 lior·
689 3912 756 3982 lapis
779 3930 794 3963 a
819 3910 952 3983 plerisque
972 3922 1100 3974 vocatur,
1119 3910 1201 3977 Quod

133 4005 178 4049 to,
199 3991 293 4063 quide
313 3994 394 4045 rebus
412 3990 511 4045 Indicis
526 3989 647 4060 scripsit,
691 3992 762 4044 circu
771 3990 861 4061 Syrtes
869 3988 977 4060 Libyeis
988 3991 1203 4059 permixtusare-

133 4068 251 4125 traditin
260 4069 352 4125 eadem
359 4069 453 4125 fodina
461 4069 572 4142 reperiri
583 4088 649 4123 non·
691 4071 749 4135 nis,
768 4068 905 4124 Fluctibus
924 4069 1079 4141 expulsus...
1092 4072 1142 4125 ille
1157 4070 1205 4125 sed

134 4169 272 4222 nunquam
288 4151 444 4222 sapphiram
457 4151 572 4206 mixtum
587 4168 648 4203 eum
693 4150 811 4220 optimus
831 4164 882 4215 est,
903 4167 983 4219 quern
1004 4149 1091 4215 tellus,
1102 4150 1206 4204 Medica

211 4250 272 4318 IX.
1016 4250 1056 4331 ἀι
