3100 5125
380 503 449 594 294
652 502 691 568 c.
719 503 885 572 rnrnn
909 503 1013 571 nar.
1041 501 1167 569 rnsr.

366 619 462 716 lam,
490 631 600 702 Attalo
630 631 771 702 multum
800 649 975 728 querente,
996 649 1030 703 et
1056 635 1089 700 in
1123 618 1272 703 Cereris³
1301 633 1444 704 delubro

377 739 486 832 posuit
515 764 523 804 :
566 761 665 832 quam
698 742 838 833 primam
883 741 1026 810 arbitror
1063 742 1225 834 picturam
1269 754 1442 808 externam

378 847 494 913 Romae
509 842 721 937 publicatam.
737 845 866 914 Deinde
887 847 985 914 video
998 859 1031 914 et
1047 847 1081 912 in
1102 844 1175 913 foro
1190 844 1312 938 positas
1328 845 1440 940 vulgo.

345 951 465 1018 2Hinc
486 951 572 1017 enim
594 948 648 1018 ille
665 952 775 1022 Crassi
797 954 936 1021 oratoris
956 939 1064 1044 lepos‘
1086 951 1212 1044 agentis
1228 949 1289 1020 sub
1308 952 1439 1019 Veteri-

377 1041 467 1142 bus⁵,
479 1079 582 1148 quum
599 1057 689 1125 testis
702 1055 919 1150 compellatus
934 1059 1071 1131 instaret
1086 1081 1093 1122 :
1110 1058 1175 1124 Dic
1186 1077 1284 1150 ergo,
1301 1057 1440 1136 Crasse,

377 1158 509 1254 qualern
518 1186 572 1230 me
585 1160 944 1257 rerisiTalem,inquit,
953 1161 1130 1233 ostendens
1140 1164 1174 1228 in
1188 1159 1300 1230 tabula
1312 1163 1439 1254 pictum

377 1265 597 1336 inficetissime
615 1265 749 1336 Gallum
771 1283 975 1338 exserentem
993 1267 1147 1364 linguam.
1171 1269 1211 1334 In
1230 1266 1304 1335 foro
1326 1267 1390 1335 fuit
1407 1279 1440 1335 et

376 1371 432 1440 illa
444 1373 585 1467 pastoris
594 1374 679 1442 senis
694 1398 771 1442 cum
785 1373 923 1461 baculo,
939 1374 980 1442 de
996 1398 1060 1468 qua
1074 1377 1301 1442 Teutonorum
1312 1371 1439 1466 legatus

376 1477 566 1573 respondit,
593 1480 831 1572 iuterrogatus,
856 1481 970 1572 quanti
995 1504 1069 1547 eum
1088 1481 1281 1562 aestimaret,
1306 1478 1366 1546 sibi
1386 1477 1440 1546 do

375 1586 447 1652 nari
465 1582 553 1654 nolle
574 1583 672 1653 talem
689 1586 821 1668 vivum,
840 1609 1032 1679 verumque.

416 1767 442 1818 3.
456 1766 493 1818 Et
504 1769 530 1817 irs
544 1765 637 1818 Cereris
648 1766 753 1817 delubro.
766 1766 885 1836 {legione
927 1765 1034 1828 sularii,
1059 1766 1114 1817 sive
1134 1765 1294 1836 collybistoe,
1315 1764 1371 1816 sire
1396 1783 1439 1818 ar·

375 1843 457 1897 Urbis
468 1843 720 1915 unslepimsdisrsu,
927 1844 1051 1917 gentsrii,
1075 1845 1248 1914 argentariam
1269 1845 1439 1914 permutatio-

416 1929 443 1986 4.
454 1923 502 1976 ttte
510 1923 594 1976 Crassi
600 1928 702 1976 oratoris
712 1925 784 1993 lepos.
793 1924 885 1978 Simile
927 1923 1163 1994 nenr,uegotiaque
1169 1925 1267 1993 majora
1272 1923 1439 1976 exercebant.

374 2003 453 2072 plane
466 2001 540 2073 quod
550 2002 586 2055 de
599 2003 696 2056 C.Jul.
711 2003 812 2056 Caesare
824 2021 885 2056 nar·
927 2004 984 2056 Alii
1000 2021 1007 2054 ι
1021 2003 1064 2054 sub
1085 2002 1204 2054 ueteribus
1224 2006 1315 2054 rostris.
1334 2004 1437 2056 Druse.

374 2093 471 2134 rsturs
480 2082 586 2144 Tullio,
595 2080 629 2134 de
639 2082 716 2134 Orat.
724 2083 768 2147 11,
778 2103 806 2136 u.
817 2085 883 2137 266:
927 2081 1029 2134 -Sub
1042 2080 1178 2134 Veteribus.
1194 2081 1323 2135 Tabernis
1337 2081 1440 2137 scilicet

375 2177 388 2203 t
400 2161 438 2214 Ut
449 2179 537 2214 sucum
550 2159 630 2225 illud,
645 2161 731 2231 inquit
747 2163 845 2228 Coesur,
856 2161 884 2214 iu
927 2162 997 2214 circa
1010 2162 1097 2214 lurum
1112 2162 1218 2230 positis,
1237 2161 1343 2212 utinen
1357 2161 1439 2216 modo

374 2239 509 2292 Helinium
517 2240 666 2293 Manciam:
677 2241 738 2293 Jsm
747 2241 883 2294 ostendam
927 2260 958 2294 ex
971 2241 1043 2293 Fabii
1056 2240 1134 2293 allato
1151 2240 1271 2312 proxime
1284 2240 1343 2292 loeo
1356 2243 1439 2311 conji-

374 2317 525 2388 eujusmodi
534 2319 570 2372 sis
581 2340 589 2369 s
601 2337 683 2389 quum
694 2319 751 2382 itte,
766 2320 884 2374 Ostende
927 2321 1027 2381 umus,
1051 2317 1095 2372 sed
1115 2320 1194 2372 etism
1215 2337 1246 2372 ex
1269 2319 1362 2382 Livio,
1378 2319 1438 2386 111,

372 2414 481 2467 qussso:
496 2395 675 2452 demonstravi
683 2396 767 2469 digito
779 2399 882 2469 pictum
926 2418 987 2471 pag.
1008 2399 1064 2453 58:
1091 2425 1103 2446 e
1124 2400 1211 2470 Prope
1233 2399 1383 2464 Cloacinae,
1404 2399 1437 2454 sd

371 2476 515 2530 Gstlumin
525 2477 726 2530 Marianoscuto
737 2477 885 2545 Cimbrico,
926 2479 1074 2542 Tabernas,
1095 2479 1190 2550 quibus
1210 2495 1283 2530 nunc
1299 2477 1382 2530 Novis
1398 2493 1437 2533 est

371 2556 422 2610 snb
440 2555 538 2622 Novis,
559 2554 719 2623 distortum,
737 2559 821 2629 ejects
833 2559 884 2611 lin·
925 2577 1056 2613 nomena·
1070 2557 1126 2611 Sub
1138 2557 1194 2621 bis,
1207 2578 1261 2611 nou
1273 2558 1324 2610 sub
1334 2559 1439 2613 Veteri·

370 2654 435 2706 gua,
456 2636 548 2692 buccis
569 2636 722 2691 fluentibus.
745 2639 823 2691 Risus
844 2652 883 2692 est
924 2636 1437 2706 trus,tdstut.cessredtesumtuisse,

371 2716 668 2782 commotus3nibiltsm
678 2717 789 2770 nansia
797 2718 883 2771 simile
925 2700 1029 2771 'lu'llius
1040 2731 1079 2771 est
1089 2731 1192 2771 auctor.
1204 2718 1265 2771 Non
1280 2716 1380 2771 debent
1393 2718 1437 2773 bie

371 2794 457 2848 visum
468 2808 516 2849 est.
530 2821 543 2843 ι
557 2796 881 2863 EtsFabio,1nstit.V1‚
925 2798 1018 2851 Rostra
1035 2810 1123 2851 vetera
1142 2796 1271 2869 intelligi,
1284 2816 1436 2869 quanquam

372 2871 474 2945 λψς.
490 2880 565 2944 ⁴7²³
583 2874 646 2927 :Ut
657 2875 722 2927 fecit
732 2876 764 2929 C.
775 2875 878 2939 Julius,
925 2896 974 2947 pro
998 2878 1092 2929 Rostris
1115 2876 1238 2929 Veteribus
1260 2875 1396 2930 laudatum
1421 2897 1436 2931 s

371 2953 418 3022 qui
430 2972 514 3023 quum
531 2952 637 3006 Halmio
656 2954 768 3008 Μαικία
786 2956 881 3025 saepius
924 2956 1011 3009 Druso
1025 2958 1190 3029 Augustum,
1207 2952 1279 3027 spud
1290 2957 1435 3028 Tranquil-

371 3033 536 3103 obstrepenti
544 3033 597 3087 sibi
605 3032 717 3087 diceret:
727 3034 786 3086 Jasn
794 3045 881 3087 osten·
923 3034 979 3087 lum
993 3035 1119 3105 legimus,
1131 3054 1188 3107 esp.
1202 3056 1233 3099 c,
1246 3033 1291 3088 sed
1310 3035 1435 3090 Menisna

371 3108 433 3163 dsm
445 3112 529 3181 qualis
540 3113 575 3165 sis
585 3132 593 3163 s
603 3113 678 3183 isque
687 3113 764 3183 plane
772 3113 880 3167 instaret
924 3114 1036 3185 Yetera,
1052 3112 1086 3167 de
1103 3115 1199 3185 quibus
1214 3134 1262 3167 nos
1276 3114 1373 3167 iterum
1394 3116 1435 3168 iu-

369 3188 593 3262 interrogstione,
609 3192 714 3261 qualem
732 3210 759 3244 se
773 3191 879 3245 taudem
923 3194 1018 3257 serius,
1037 3212 1094 3265 cap.
1115 3196 1160 3264 37.
1182 3195 1225 3247 lbi
1237 3207 1264 3246 et
1278 3193 1435 3248 CuriosVe·

368 3282 523 3323 ostensurus
531 3284 613 3331 esset,
624 3269 709 3341 digito
718 3269 881 3325 demonstrs·
923 3286 992 3325 teres
1005 3272 1085 3327 luisse
1097 3274 1260 3343 suspicamur
1272 3290 1280 3324 ι
1292 3272 1434 3344 dequibus

369 3348 410 3400 vit
417 3348 558 3419 imaginem
565 3349 750 3403 Galliinscnto
759 3350 880 3404 Mariano
923 3353 1014 3415 Vsrrq
1026 3350 1059 3405 de
1072 3352 1149 3423 Ling.
1163 3350 1221 3404 Lat.
1238 3378 1249 3399 ι
1265 3350 1354 3405 Curias
1368 3352 1434 3405 duo·

369 3427 505 3481 Cimbrico
519 3427 631 3497 pictam,
643 3430 686 3481 cui
705 3430 808 3482 Mancia
823 3443 878 3483 tum
922 3450 982 3485 rum
993 3449 1118 3501 generum
1130 3450 1205 3483 :nam
1216 3443 1244 3483 et
1256 3431 1301 3482 ubi
1311 3446 1433 3488 curarent

369 3505 879 3563 simillimusestrisus.Tabernsssutem
922 3509 1069 3564 sacerdotes
1090 3528 1131 3563 res
1156 3508 1272 3573 divinas,
1294 3524 1324 3563 ut
1347 3510 1433 3565 Curiss

368 3600 445 3639 aaut
457 3587 638 3652 circulorum,
651 3606 682 3640 sc
695 3599 799 3640 scutum
812 3588 879 3641 illud
922 3602 1023 3642 veteres
1038 3611 1043 3639 :
1063 3602 1091 3641 et
1108 3590 1154 3641 ubi
1170 3602 1272 3641 senatus
1286 3589 1432 3657 humanas,

368 3664 435 3735 signi
449 3667 530 3737 grstia
546 3668 671 3737 positum.
686 3692 697 3713 ι
713 3668 803 3720 Hsnu.
923 3670 968 3722 ubi
991 3669 1069 3721 Curia
1095 3668 1204 3721 Hostilia
1222 3668 1281 3721 fuis.
1300 3693 1310 3713 ι
1336 3668 1370 3722 Et
1389 3670 1432 3721 Li-

410 3747 436 3798 5.
453 3747 558 3815 Agentis
569 3746 612 3797 sub
625 3747 758 3799 Veteribus.
770 3748 877 3799 Partem
921 3748 1001 3813 vius,
1019 3748 1119 3812 XLIV,
1142 3766 1202 3819 pag.
1228 3749 1306 3802 566:
1327 3772 1340 3793 ι
1353 3747 1433 3801 AEsles

367 3822 420 3875 lori
438 3843 496 3878 esm
514 3826 589 3878 siunt
605 3826 698 3890 fuisse,
718 3826 814 3895 inqua
832 3826 878 3897 qui
921 3826 950 3878 P.
967 3826 1086 3879 Africani
1106 3847 1175 3897 pone
1187 3828 1297 3879 Veteres
1314 3826 1348 3879 ad
1363 3828 1431 3880 Vos·

366 3904 506 3970 pecunisns
526 3904 621 3955 foeuori
634 3902 746 3970 dabant,
761 3906 875 3976 accipie·
920 3906 1004 3957 tumui
1022 3907 1136 3977 siguum.
1156 3932 1167 3953 ι
1185 3904 1246 3959 Fuit
1259 3924 1342 3976 porro
1362 3907 1432 3959 Vor-

366 3980 471 4047 bsutve,
478 3984 654 4036 consistebant
662 3994 688 4035 et
696 3985 875 4037 versabantur.
919 3986 1006 4037 tumni
1021 3984 1088 4039 tedes
1109 3984 1136 4037 in
1157 3999 1246 4039 octava
1265 3984 1387 4055 regione,
1403 3987 1432 4038 in

366 4059 794 4133 Tubernssvetereslegimusspud
802 4064 875 4116 Pluu-
920 4082 974 4133 qua
988 4076 1014 4117 et
1031 4064 1129 4117 Forum
1143 4077 1169 4117 et
1181 4065 1289 4129 Rostra,
1301 4083 1332 4117 ex
1345 4065 1376 4118 P.
1386 4066 1431 4119 vi-

366 4148 438 4205 tum,
448 4141 582 4211 inquibus
591 4141 727 4205 mensurii,
735 4143 791 4195 sive
801 4160 875 4195 men·
920 4155 1001 4197 ctore.
1015 4142 1106 4197 Hsan.
