3100 5125
479 525 633 593 LIBER
658 526 814 594 XXXV.
1109 555 1174 628 291

117 656 204 726 Fabii
229 655 420 724 clarissimae
446 657 573 750 gentis,
604 656 822 750 princepsque
852 657 944 750 ejus,
974 665 1178 754 cognominis

116 762 306 856 ipse,aedem
318 760 459 830 Salutis²
475 762 581 855 pinxit
592 786 680 829 anno
689 761 791 830 Urbis
809 761 949 832 conditae
966 787 1090 854 ccccc,
1106 795 1178 864 quae

116 871 244 962 pictura
260 866 394 935 duravit
408 867 451 934 ad
470 881 617 936 nostram
634 870 847 955 memoriam,
860 867 930 937 aede
945 868 1074 941 Claudii
1111 879 1177 945 rin·

116 975 226 1067 cipatu
245 988 371 1041 exusta.
390 974 539 1042 Proxime
557 972 721 1043 celebrata
735 988 805 1056 est,
823 975 857 1041 in
873 974 946 1044 foro
962 975 1077 1048 boario
1109 982 1178 1052 aede

116 1079 286 1167 Hoeculis,
308 1080 441 1168 Pacuvii
465 1093 572 1172 poetae
593 1065 750 1173 pictural.
772 1065 890 1148 Ennii⁵
916 1105 1029 1152 sorore
1050 1088 1179 1180 genitus

116 1185 168 1252 hic
177 1185 257 1254 tuit:
275 1183 514 1277 clarioremque
527 1208 600 1252 eam
612 1199 717 1253 artem
730 1187 848 1253 Romae
858 1183 934 1254 fecit
946 1187 1050 1279 gloria
1063 1215 1177 1264 scenae.

115 1293 234 1358 Postea
248 1314 318 1358 non
336 1305 386 1360 est
401 1275 568 1384 spectata⁶
586 1291 732 1360 honestis
745 1290 914 1359 manibus:
934 1293 995 1363 nisi
1010 1295 1095 1366 forte
1106 1301 1178 1394 quis
1199 1341 1213 1374 2

114 1395 300 1489 Turpilium
314 1398 457 1490 equitem
472 1419 646 1465 romanum
662 1398 831 1465 eVenetia
846 1411 967 1466 nostrae
982 1403 1084 1470 aetatis
1100 1404 1179 1474 velit

116 1501 421 1594 referre‚bodieque
428 1500 575 1595 pulchris
582 1502 1175 1596 ejusoperibnsVeronaeexstantibus.

115 1609 213 1676 luva
225 1610 253 1677 is
263 1633 364 1676 manu
372 1609 496 1702 pinxit,
507 1606 597 1700 quod
604 1607 647 1677 de
655 1605 747 1675 nullo
756 1622 833 1676 ante
839 1625 1052 1680 memoratur.
1065 1616 1178 1685 Partis

116 1712 649 1806 gloriabaturtabellis‚exstinctus
659 1737 765 1805 nuper
780 1715 813 1780 in
826 1712 924 1807 longa
934 1731 1079 1806 senecta,
1091 1721 1180 1788 Anti·

114 1821 193 1887 stius
205 1818 341 1887 Labe0⁷
361 1819 546 1913 praetorius,
555 1822 654 1886 etiam
665 1818 899 1913 proconsulatu
909 1824 1179 1914 provinciaeNar·

115 1925 271 1994 bonensis
285 1925 428 1994 functus.
440 1923 506 1993 Sed
519 1949 557 1992 ea
573 1949 624 1993 res
639 1927 673 1992 in
687 1926 755 1993 risu
764 1939 798 1992 et
806 1925 1004 1997 contumelia
1014 1943 1093 1998 erat.
1104 1933 1180 2001 Fuit
1197 1960 1213 2014 3

116 2044 146 2097 et
158 2032 348 2125 principum
367 2032 514 2097 virorum
529 2055 596 2098 non
611 2029 831 2098 omittendum
850 2030 1033 2124 depictum
1050 2035 1179 2106 celebre

116 2134 300 2204 consilium.
313 2136 379 2224 Qu.
396 2135 514 2203 Pedius
532 2160 635 2229 nepos
652 2136 719 2224 Qu.
737 2121 847 2204 Pediil
865 2137 1044 2208 consularis
1063 2144 1178 2212 trium·

115 2240 306 2335 phalisque,
331 2265 351 2309 a
374 2244 503 2310 caesare
529 2240 691 2310 dictatore
720 2240 901 2309 colraeredis
922 2247 1072 2336 Augusto
1090 2247 1178 2332 dati,

115 2371 216 2439 quum
235 2361 354 2415 natura
369 2365 481 2414 mutus
499 2362 601 2432 esset,
623 2371 699 2414 eum
719 2344 861 2414 Messala
879 2361 1003 2435 orator,
1024 2373 1063 2417 ex
1085 2354 1178 2444 cujus

115 2451 236 2520 familia
250 2454 344 2548 pueri
353 2453 426 2520 avia
438 2467 525 2541 erat,
536 2455 698 2546 picturam
711 2451 899 2520 docendum
918 2456 1065 2542 censuit,
1081 2456 1178 2552 idque

112 2560 210 2627 etiam
229 2558 328 2628 divus
345 2564 512 2655 Augustus
529 2558 768 2654 comprobavit.
785 2560 871 2625 Puer
886 2562 996 2654 magni
1011 2560 1179 2655 profectus

114 2668 145 2732 in
164 2690 203 2733 ea
221 2679 294 2733 arte
309 2664 398 2733 obiit.
413 2667 569 2757 Dignatio
588 2680 699 2733 autem
718 2667 886 2758 praecipua
900 2666 1015 2734 Romae
1030 2670 1179 2755 increvit,

114 2840 224 2910 legatus.
238 2838 311 2891 Vide
325 2837 360 2890 de
374 2852 429 2891 rora
445 2858 475 2891 en
488 2839 624 2890 Pictorum
668 2838 810 2890 verborum
830 2836 966 2906 pondere,
982 2852 1008 2892 et
1028 2844 1180 2898 auctoritate

116 2919 212 2971 familia
227 2918 306 2989 plura
322 2916 395 2990 apud
409 2918 472 2971 Ger.
484 2917 547 2969 tob.
556 2919 625 2970 Vos·
668 2934 858 2986 personarum,
874 2941 886 2962 ι
895 2916 933 2969 sit
944 2918 1052 2981 Fabius,
1061 2922 1097 2987 X,
1107 2940 1132 2975 r.
1145 2923 1179 2977 H.

115 2998 180 3051 sium
194 2996 230 3052 de
241 2998 309 3050 Hirr.
320 2998 379 3048 Lat.
390 2998 419 3060 1,
435 2996 462 3047 3.
479 2997 571 3048 Bran.
710 3001 736 3048 6.
758 2995 847 3046 Postea
867 3014 914 3047 non
930 3010 966 3047 est
982 3011 1096 3066 spectata.
1116 3002 1180 3056 Post

155 3097 179 3131 a.
195 3077 291 3129 AEdem
306 3074 406 3129 Salutis
419 3077 535 3146 Regione
543 3076 625 3127 Urbis
668 3073 910 3144 illudtempnsnon
920 3088 959 3128 est
968 3077 1178 3134 animadversum

115 3168 202 3209 sexta:
220 3156 384 3227 cTemplum
400 3154 495 3207 Salutis
509 3155 537 3207 in
557 3154 625 3208 colle
667 3167 752 3206 artem
764 3171 823 3206 erm
836 3155 944 3207 tractari
955 3154 1125 3211 bonestorum
1140 3162 1179 3212 vi-

116 3235 374 3306 Qo‘rrinale‚ninquit
382 3234 508 3288 P.Victor
514 3234 542 3286 in
552 3232 623 3287 desc.
667 3251 759 3285 rorum
773 3232 906 3286 munibus.
922 3230 955 3284 li.
969 3266 1009 3277 -
1022 3237 1086 3289 Mox
1104 3237 1178 3292 Brot.

115 3316 214 3367 Rome.
227 3316 319 3367 nnn.
669 3330 700 3363 ex
715 3314 796 3382 Regg.
809 3309 887 3364 codd.
901 3330 933 3375 2,
949 3311 981 3373 3,
999 3326 1026 3367 et
1036 3314 1079 3368 ed.
1090 3318 1177 3389 princ.

156 3396 182 3448 3.
206 3394 237 3445 Ia
245 3397 306 3460 jore
319 3394 408 3444 boario.
423 3392 454 3444 P.
468 3392 574 3457 Victor,
583 3409 625 3444 re·
669 3402 759 3443 nostra
773 3394 854 3442 oetatir
865 3412 879 3441 e
893 3390 1002 3444 Venetia.
1020 3396 1072 3447 En.

116 3474 193 3543 §one
203 3472 288 3526 Urbis
300 3484 392 3525 octava
405 3492 411 3521 ε
426 3496 438 3519 ι
451 3472 550 3524 Forum
562 3471 627 3526 Bou·
710 3489 737 3540 7.
754 3471 876 3522 Antistiru
884 3470 975 3521 Labeo.
986 3472 1050 3525 Dixi
1064 3474 1098 3529 de
1108 3494 1140 3529 eo
1151 3477 1179 3529 in

115 3554 184 3605 rium
195 3551 324 3606 ...AEdes
334 3550 455 3604 Herculis
466 3550 625 3603 Victoris·..
668 3561 809 3602 anctorum
821 3547 923 3601 Indice.
939 3550 1029 3605 liano.

115 3632 211 3684 iniero
221 3632 331 3694 boario,
344 3630 502 3701 cognomine
511 3628 626 3683 rotunda
709 3628 735 3680 8.
754 3629 836 3697 Nepos
852 3628 900 3697 Qu.
922 3629 1002 3681 Pedii.
1023 3631 1075 3697 Qui
1091 3650 1180 3687 sorore

116 3723 142 3763 et
152 3728 242 3780 parra.
258 3737 269 3758 ι
282 3710 373 3763 lirun.
670 3707 700 3761 C.
714 3707 769 3760 tut.
782 3707 892 3760 Castris
905 3720 1049 3779 prognatus
1062 3713 1182 3767 consula·

157 3794 182 3851 t.
203 3791 306 3842 Pacuvii
320 3802 400 3861 poeta
411 3793 516 3859 pictura.
536 3785 563 3839 Α
576 3788 626 3840 Pe·
669 3799 726 3839 tum
740 3803 803 3838 eum
822 3786 934 3839 Octavio
950 3788 1112 3841 consobrino
1124 3809 1182 3860 ger-

117 3869 193 3921 curio
216 3882 310 3939 poeta,
336 3867 483 3941 eodemque
506 3867 626 3938 pictore,
670 3865 719 3929 sit,
734 3865 821 3917 Hirtio
831 3877 859 3917 et
869 3866 952 3917 Pausa
967 3866 1038 3936 apud
1050 3868 1182 3923 Mutinam

117 3948 257 4002 elaborata.
271 3948 362 4000 ilino.
669 3944 741 3996 cresis
764 3962 771 3995 :
797 3942 1008 4014 haereditatisque
1032 3944 1183 4002 cesariano

157 4028 184 4080 5.
206 4028 293 4079 Ennii.
310 4024 467 4080 Numantini
480 4024 543 4078 belli
558 4035 626 4076 tem·
670 4036 805 4094 partesue
819 4023 931 4075 Octavio
943 4023 1027 4076 cessit.
1038 4025 1097 4079 Hoc
1106 4025 1140 4079 de
1150 4048 1182 4082 eo

118 4107 225 4175 poribus
231 4107 335 4171 claruit,
345 4132 356 4153 ι
364 4104 627 4177 Tragoedioemriptor
670 4102 792 4155 referunt
804 4103 923 4165 Tullius,
938 4100 1106 4169 Patercnlus,
1117 4104 1182 4160 Sne·

117 4184 284 4249 clarissimus,
293 4186 419 4255 gravitate
427 4184 626 4243 sententiarum,
670 4180 773 4247 tonius,
788 4181 942 4253 Appianur,
956 4181 1017 4234 Dio.
1033 4182 1123 4239 Hrnn.

952 4285 1012 4371 19²
