3100 5125
372 468 439 538 160
586 476 590 482 '
640 469 678 536 C.
705 469 873 538 PLINII
896 471 1001 538 NAT.
1026 471 1149 538 HIST.

367 600 476 670 Multa
496 616 530 670 et
549 587 696 670 Luculli⁴
714 602 877 670 invexere.
899 603 1011 672 Rhodi
1037 604 1214 684 etiamnum
1243 604 1306 669 tria
1328 601 1431 670 millia

351 710 539 802 ‘signorum
561 732 648 790 esse,
670 708 846 776 Mucianus
865 722 915 776 ter
936 707 1050 777 consul
1068 706 1237 802 prodidit:
1261 730 1322 775 nec
1341 731 1430 800 psu-

370 815 460 882 ciora
479 813 641 898 Athenis,
673 811 852 906 Olympia,
871 812 1010 907 Delphis
1038 837 1207 906 superesse
1236 811 1429 886 creduntur.

309 929 313 936 ’
336 944 350 978 2
370 920 453 1007 Quis
468 921 528 988 ista
538 917 725 987 mortalium
740 921 892 1014 persequi
903 917 1024 1013 possit?
1034 933 1092 988 aut
1105 918 1177 1012 quis
1187 917 1432 988 ususnoscendi

370 1019 589 1118 intelligatur?
606 1025 753 1120 insignia
773 1039 884 1093 tamen
906 1027 1063 1118 maxime,
1082 1039 1116 1092 et
1139 1022 1246 1118 aliqua
1265 1022 1307 1092 de
1330 1047 1431 1092 causa

367 1144 482 1199 notata
489 1127 740 1222 ,voluptarium
769 1132 812 1200 sit
830 1131 992 1224 attigisse,
1015 1129 1223 1223 artificesque
1248 1128 1431 1198 celebratos

367 1236 620 1304 nominavisse:
645 1234 849 1330 singulorum
876 1261 1007 1331 quoque
1031 1233 1253 1364 inexplicabili
1280 1233 1430 1304 multitu·

367 1340 444 1410 dine
453 1366 592 1460 ,quum
619 1344 785 1437 Lysippus
810 1341 851 1410 ad
883 1366 912 1411 ιι
938 1367 962 1411 o
988 1365 1092 1435 opera
1118 1327 1253 1410 fecisse⁵
1280 1339 1428 1426 dicatur,

257 1487 262 1495 ,
369 1461 467 1515 tantae
486 1447 596 1516 omnia
615 1449 713 1530 artis,
732 1461 770 1516 ut
785 1446 964 1516 claritatem
985 1461 1119 1542 possent
1132 1443 1210 1515 dare
1224 1445 1276 1514 vel
1290 1444 1430 1540 singula.

367 1555 550 1620 Numerum
568 1577 783 1682 apparuisse
767 1552 924 1622 defuncto
943 1578 982 1622 eo
988 1577 1115 1648 ,quum
1126 1552 1317 1622 thesaurum
1334 1550 1432 1620 effre-

368 1652 468 1752 gisset
482 1658 608 1726 haeres:
628 1643 783 1727 solitum⁶
794 1660 882 1727 enim
896 1685 935 1728 ex
950 1657 1162 1753 manipretio⁷
1178 1657 1432 1752 cujusquesigni

335 1788 352 1842 3
369 1749 542 1833 denarios
563 1787 722 1858 seponere
742 1789 860 1833 aureos
879 1764 1032 1861 singulos.
1052 1768 1177 1834 Evecta
1191 1788 1291 1858 supra
1307 1763 1429 1831 huma·

368 1893 446 1938 nam
463 1868 562 1938 fidem
576 1893 629 1938 ars
648 1884 699 1940 est
716 1895 888 1954 successu,
899 1897 978 1940 mox
991 1885 1025 1939 et
1038 1871 1184 1940 audacia.
1202 1873 1243 1937 ln
1257 1893 1432 1962 argumen-

368 1990 439 2043 tum
471 1999 644 2044 successus
671 2001 775 2043 unum
804 1976 1000 2071 exemplum
1019 1976 1177 2063 afferam,
1202 1999 1262 2045 nec
1291 1974 1431 2043 deorum

367 2081 551 2149 hominisve
581 2080 801 2166 similitudinis
829 2107 999 2176 expressae.
1026 2084 1116 2152 AEtas
1143 2097 1256 2151 nostra
1284 2079 1366 2148 vidit
1396 2079 1432 2147 in

368 2184 552 2280 Capitolio,
567 2188 758 2281 priusquam
775 2175 810 2256 id
826 2190 1003 2258 novissime
1018 2189 1235 2282 conflagravit
1249 2211 1269 2256 a
1283 2184 1430 2254 Vitellia·

368 2295 418 2360 nis
448 2291 654 2375 incensum⁹,
677 2294 710 2361 in
733 2291 815 2361 cella
835 2295 995 2379 iunonis,
1021 2318 1137 2362 canem
1160 2319 1200 2362 ex
1222 2317 1286 2361 aere
1310 2290 1432 2358 vulnus

366 2422 462 2467 suum
475 2395 674 2466 lambentem
687 2423 695 2465 ε
710 2399 806 2491 cujus
822 2400 978 2469 eximium
992 2398 1188 2469 miraculum
1205 2412 1238 2468 et
1255 2397 1432 2466 indiscreta

365 2505 436 2573 veri
454 2501 652 2588 similitudo,
672 2529 740 2573 non
757 2529 799 2574 eo
818 2504 924 2575 solum
938 2505 1142 2601 intelligitur,
1155 2504 1244 2600 quod
1260 2504 1305 2572 ibi
1323 2502 1432 2571 dicata

366 2611 496 2680 iuerat:
513 2634 628 2678 verum
640 2624 675 2678 et
685 2635 773 2679 nova
790 2612 999 2681 satisdatione
1014 2630 1022 2671 τ
1037 2635 1114 2680 ιιιιιιι
1131 2634 1258 2680 summa
1268 2607 1358 2677 nulla
1370 2632 1432 2705 par

408 2824 435 2881 4.
453 2814 536 2866 Multa
555 2827 580 2865 st
603 2815 827 2868 mauritanius
852 2830 880 2870 et
965 2838 991 2910 p.
1006 2819 1049 2871 Es
1067 2818 1270 2889 nraniprstio.1n
1284 2829 1375 2871 nostro
1388 2836 1434 2870 se·

366 2897 486 2957 Marcus,
502 2893 605 2946 fratres.
625 2894 674 2946 tlte
693 2893 877 2947 Mithridatico
923 2898 973 2950 teri
993 2898 1148 2991 apographo
1166 2897 1293 2949 scribitur
1309 2916 1434 2967 manupre-

366 2976 455 3036 betto,
475 2970 679 3025 Macedonico
671 2984 719 3024 rste
741 2973 877 3045 triumpho
924 2982 973 3037 tio,
988 2996 1043 3028 non
1057 2979 1210 3044 manipulatim
1222 2976 1312 3047 sicque
1326 2995 1381 3030 esse
1394 2978 1434 3028 ls-

366 3054 473 3108 nobilis.
483 3048 554 3102 Vide
574 3051 669 3105 Plut'
661 3071 689 3103 ιιι
705 3052 835 3119 Lucullo,
850 3064 878 3105 et
922 3053 1041 3127 gendum
1059 3074 1091 3109 ex
1109 3057 1232 3109 Varrone
1248 3050 1346 3115 (det.
1359 3047 1433 3122 Lat.)

368 3135 425 3189 mc.
439 3150 478 3185 or.
493 3130 520 3182 in
533 3130 621 3183 Pison.
633 3129 721 3183 nino.
922 3146 1035 3187 constat.
1047 3134 1335 3203 Pium-Manipmtio.
1350 3136 1391 3189 De
1402 3152 1433 3187 ea
1523 3182 1529 3191 .

410 3211 436 3266 5.
460 3210 540 3279 Quum
551 3211 670 3283 Lysippus
684 3209 882 3263 adsmentsX
922 3232 988 3267 vocs
1009 3212 1124 3267 diximus
1144 3213 1192 3267 lib.
1212 3214 1356 3285 superiori,
1373 3233 1432 3285 cap.

368 3312 440 3363 opem
456 3291 545 3355 secisse
566 3290 687 3361 prodatur
709 3281 759 3356 (sic
785 3288 879 3362 prius).
925 3292 971 3347 53.
987 3294 1091 3363 Vulgus
1102 3293 1152 3358 uit
1174 3311 1223 3363 pro
1236 3294 1434 3357 manufactum,

368 3372 446 3433 Voss
466 3387 537 3441 quum
551 3369 668 3440 Lysippus
682 3369 717 3420 ad
734 3370 795 3423 Clc
808 3390 880 3440 opera
920 3392 984 3443 pour
995 3374 1019 3424 Iu
1026 3373 1112 3443 sapon
1123 3370 1213 3425 tirno.

367 3452 464 3524 secisse
464 3450 545 3500 datur.
561 3447 654 3501 Scribe
662 3450 768 3515 ,secisse
785 3450 878 3508 edatur,
965 3454 992 3505 8.
1013 3453 1142 3503 Deuurios.
1164 3450 1205 3502 De
1225 3450 1321 3503 horum
1346 3450 1434 3521 pretio

368 3529 411 3583 vel
424 3528 528 3581 dicatu
545 3527 662 3580 Ριιιιιιιιιι
675 3527 753 3592 hbes
769 3528 826 3580 MD
838 3530 881 3597 se-
924 3530 1025 3601 egimus
1043 3530 1175 3589 xxxtn,
1196 3528 1239 3583 13.
1261 3530 1295 3583 Η.
1308 3528 1435 3601 -ὃιρο-
1482 3526 1490 3533 “

370 3611 428 3661 sisse
445 3608 567 3658 trudatur.
588 3606 735 3660 Gnonn-
752 3608 827 3660 Brut.
848 3626 880 3661 ex
924 3628 987 3661 ners.
999 3610 1084 3663 Gron.
1100 3621 1125 3661 et
1138 3608 1182 3659 At.
1195 3608 1325 3677 deportem
1336 3622 1435 3662 etmox

369 3684 493 3759 Reg.cod
513 3690 540 3748 5,
551 3685 749 3754 Dexopmpt
759 3687 797 3739 sic
805 3685 882 3740 addi·
925 3688 1124 3752 1ιοιιιὶιιιιιιι,ιιοιι
1136 3688 1245 3739 Ιιοιιιιιιὶι.
1257 3690 1308 3740 Ειι.

369 3780 426 3821 tum
443 3765 471 3818 in
487 3764 605 3835 margine
625 3764 663 3816 Η.
676 3765 703 3819 S.
721 3766 804 3838 Regg.
825 3778 881 3819 set
967 3786 994 3835 9.
1013 3768 1041 3820 A
1063 3768 1200 3819 Vitellianis
1223 3770 1349 3819 insensum.
1364 3764 1435 3818 Vide

372 3848 398 3900 3.
412 3844 543 3900 (laterum
559 3840 637 3895 codd.
649 3840 728 3895 iidem
744 3863 758 3895 s
772 3858 799 3897 et
810 3844 843 3901 3,
855 3858 881 3897 et
925 3845 1052 3909 Dionem,
1063 3846 1150 3911 LXV,
1159 3864 1186 3915 p.
1198 3852 1264 3914 74¹,
1274 3845 1397 3899 Tacitum
1407 3845 1434 3898 in

370 3923 433 3978 edit.
447 3924 532 3995 princ.
548 3922 688 3975 nobiscum
701 3922 813 3977 iaciunt.
826 3924 879 3977 En.
924 3924 1019 3995 primis
1033 3926 1100 3978 Hist.
1118 3926 1172 3981 111.
1192 3943 1221 3995 p.
1234 3926 1269 3977 80
1283 3944 1322 3996 sq.
1342 3926 1433 3977 lisso.

411 4007 437 4056 6.
451 4002 563 4054 Solitum.
582 4000 728 4072 Lysippum
744 4001 880 4069 videlicet,
923 4034 963 4045 -
986 4005 1013 4055 A
1037 4004 1175 4056 Vitellrhm's
1204 4006 1329 4057 iscemum.
1355 4004 1434 4059 Anno

369 4080 403 4135 ds
416 4100 470 4152 quo
481 4082 548 4146 vn,
568 4081 613 4134 38.
628 4080 719 4133 Ηιιιι.
924 4080 992 4134 Urb.
1004 4081 1119 4136 condita
1132 4085 1199 4136 822.
1213 4082 1266 4135 Eo.
