3100 5125
369 529 434 603 130
634 524 672 591 C.
697 520 866 590 PLINII
891 519 999 585 ΝΑΤ.
1024 520 1154 587 HIST.

364 668 463 736 libras
500 686 533 731 x.
564 682 600 727 11.
635 656 826 724 Proximum
859 638 1119 721 marmorosum⁴
1157 649 1295 721 dimidio
1328 654 1428 723 Attici

365 773 484 867 pretio.
502 766 651 837 Tertium
675 785 780 856 genus
795 772 846 827 est
868 743 1057 852 pressum⁵,
1081 757 1169 850 quod
1192 756 1248 825 alii
1276 760 1426 853 Syricum

364 890 487 954 vocant
512 898 554 941 ex
584 868 693 939 insula
723 869 816 959 Syro.
836 867 911 935 Jarn
935 863 1067 956 quidem
1089 878 1125 935 et
1147 889 1187 931 ex
1205 863 1345 951 Achaia,
1360 892 1429 959 quo

365 997 505 1053 utuntur
519 978 563 1047 ad
578 977 715 1071 pictura
728 972 871 1041 umbras.
886 971 1032 1041 Pretium
1045 970 1080 1037 in
1099 968 1215 1053 libras,
1232 972 1311 1039 H-S.
1326 956 1428 1044 bini⁶.

364 1094 421 1169 Du
468 1084 568 1157 ndiis⁷
590 1106 671 1152 vero
692 1079 865 1161 detractis,
882 1076 973 1170 quod
987 1074 1133 1145 lucidum
1152 1090 1291 1162 vocant,
1313 1102 1331 1147 e
1348 1077 1428 1147 Gal-

364 1198 407 1265 lia
449 1193 585 1263 veniens
608 1188 701 1257 :hoe
722 1198 834 1254 autem
853 1196 887 1253 et
905 1184 1016 1251 Attico
1033 1182 1075 1251 ad
1098 1180 1248 1251 lumina⁹
1268 1196 1429 1253 utuntur:

365 1302 408 1373 ad
425 1301 547 1372 abacos
558 1294 582 1319 ¹⁰
598 1319 668 1363 non
678 1293 742 1361 nisi
759 1313 983 1378 marmoroso,
1003 1289 1159 1382 quoniam
1176 1312 1323 1357 marmor
1337 1291 1371 1357 in
1388 1314 1431 1358 eo

332 1446 344 1477 2
366 1407 489 1480 resistit
507 1399 718 1473 amaritudini
742 1396 851 1467 calcio.
879 1394 1050 1465 Effoditur
1071 1408 1104 1463 et
1126 1393 1169 1463 ad
1195 1420 1245 1465 xx
1270 1394 1313 1465 ab
1335 1396 1431 1465 Urbe

367 1512 528 1608 lapidem,
542 1511 586 1602 in
604 1505 785 1576 montibus.
804 1506 923 1574 Postea
944 1502 1067 1587 uritur,
1088 1524 1237 1595 pressum
1261 1500 1431 1596 appellan-

366 1621 457 1698 tibus
473 1617 533 1711 qui'
551 1612 747 1685 adulterant.
766 1607 832 1681 Sed
849 1632 920 1679 esse
934 1606 1053 1679 falsum
1074 1622 1291 1701 exustumque
1306 1610 1431 1677 amari-

367 1726 482 1799 tudine
502 1733 656 1817 apparet,
675 1716 834 1812 quoniam
853 1712 1036 1785 resolutum
1050 1715 1085 1782 in
1098 1710 1270 1808 pulverem
1287 1728 1346 1785 est.
1365 1713 1432 1783 Sile

367 1835 504 1927 pingere
524 1828 695 1898 instituere
711 1822 811 1917 primi
834 1818 1037 1915 Polygnotus
1065 1833 1098 1890 et
1116 1818 1292 1905 =Mioon¹¹,
1321 1821 1433 1891 Attico

367 1939 548 2008 dumtaxat
560 1936 635 2002 Hoc
652 1943 792 2023 sequuta
805 1940 882 1997 aetas
892 1926 935 1995 ad
944 1926 1068 1996 lumina
1084 1950 1143 1996 usa
1154 1941 1223 1996 est:
1244 1924 1284 1996 ad
1297 1926 1433 1995 umbras

369 2180 432 2247 lleg.
457 2195 481 2227 o.
510 2173 569 2224 lloc
592 2181 649 2231 est,
668 2162 771 2218 denarii
793 2158 877 2215 duo:
922 2161 1058 2232 complut,
1077 2162 1132 2215 fere
1154 2161 1272 2215 sestertio
1285 2179 1357 2227 uno,
1371 2180 1434 2215 num

369 2256 468 2328 gallica
480 2262 607 2311 moneta,
622 2262 691 2299 aueo
704 2242 829 2296 sedenim.
846 2243 879 2293 Iu
922 2242 1071 2306 sestertius,
1089 2241 1190 2314 inquit,
1204 2241 1273 2293 valet
1286 2240 1433 2297 assandum

369 2335 444 2390 libris
454 2333 581 2385 hacteuno
590 2324 683 2387 editio,
695 2350 706 2370 ι
719 2322 836 2375 Pretium
851 2319 880 2373 in
923 2322 979 2397 nire
990 2320 1084 2391 pondo
1095 2335 1121 2374 et
1134 2321 1276 2375 nemimem.
1288 2324 1435 2375 Immemor

369 2417 450 2469 libras
469 2408 620 2469 xxm„
647 2404 704 2456 siue
723 2401 778 2454 ullu
798 2399 879 2471 pretii
924 2400 1320 2473 seculi,quovivebntPliniuo.
1336 2400 1435 2455 Seuer-

371 2508 442 2549 nota.
458 2491 549 2543 lirun.
924 2481 976 2533 tius
992 2499 1074 2551 quum
1088 2481 1204 2553 primurn
1218 2480 1370 2547 cuderetur,
1377 2494 1435 2536 tun-

412 2581 437 2638 4.
454 2573 594 2626 Proximum
606 2580 784 2617 marmorosum.
802 2556 882 2630 Iopi-
925 2560 1103 2628 tumrnluit3
1129 2562 1209 2616 Plinii
1235 2579 1291 2616 aevo
1320 2575 1436 2634 quatuor

372 2656 476 2709 dorum.
491 2644 640 2704 Dioooorid.
654 2642 701 2694 lib.
716 2641 752 2700 V,
773 2657 797 2692 o.
814 2639 881 2704 108,
924 2642 1024 2694 assibur
1048 2641 1253 2698 semunciulibm
1273 2644 1433 2697 inurebatur.

372 2735 479 2789 ortuum
503 2728 600 2800 probat
627 2725 655 2776 in
676 2719 771 2794 primia
793 2718 882 2772 ἄλιθον.
926 2720 1098 2774 Ga.-H.-S.
1109 2723 1166 2775 bini.
1180 2723 1241 2776 Sive
1254 2742 1322 2776 aeneo
1330 2723 1435 2776 romani

372 2815 463 2866 Hono.
926 2802 1053 2872 quinque.
1066 2800 1099 2854 ll.
1113 2833 1154 2842 —
1166 2805 1188 2854 E
1200 2804 1299 2858 nostris
1311 2801 1436 2859 videlicet

416 2892 442 2946 5,
463 2890 582 2942 Pmoun.
609 2881 778 2944 obscurum,
803 2875 883 2930 nubi·
927 2879 1090 2950 arsibua7÷.
1105 2881 1159 2934 Eu.

374 2974 447 3032 lum,
463 2969 634 3034 luscumque,
651 2961 783 3022 coortum,
801 2957 882 3028 ἀμαυ·
968 2979 994 3030 7.
1016 2961 1161 3030 Doporr'dir'r.
1184 2962 1293 3016 unibus
1311 2957 1437 3018 videlicet

374 3056 424 3122 9¹02,
433 3068 487 3104 σενι
498 3045 640 3111 d'urrjouno
649 3041 719 3092 brun.
734 3037 829 3090 Preooo
842 3054 883 3088 m·
925 3037 1036 3092 duobus.
1054 3039 1144 3094 Hono.

373 3146 464 3184 turum
477 3118 784 3198 oppoununmroxort'r·
799 3117 883 3168 H·-
968 3121 993 3174 8.
1008 3120 1034 3172 E
1050 3117 1145 3174 Gallia.
1164 3121 1187 3174 E
1204 3121 1367 3192 Biturigibus
1382 3120 1436 3176 Cu·

374 3211 494 3262 Pmoun.
514 3205 605 3257 Terra
628 3198 788 3270 argillacem
818 3213 884 3266 quau
926 3197 986 3251 bia:
1010 3198 1082 3251 unde
1104 3218 1177 3254 nuno
1194 3219 1317 3272 quoque,
1335 3220 1390 3254 oon
1406 3201 1437 3253 de

374 3289 532 3344 recentiores
550 3292 646 3336 vocant
662 3297 741 3340 orror,
759 3273 820 3346 plur
833 3273 883 3326 mi·
929 3279 1008 3330 Beni.
1023 3279 1114 3334 Eunu.

372 3388 458 3426 unove
467 3365 586 3422 colorem
596 3357 716 3414 lucidum
729 3367 775 3408 aut
788 3354 884 3408 obruu-
966 3378 994 3427 9.
1011 3359 1056 3410 Aa
1066 3360 1155 3410 lumino
1174 3373 1280 3413 uruntur.
1303 3362 1336 3412 In
1351 3360 1437 3430 plotu-

374 3469 435 3506 rutn
445 3467 460 3502 e
471 3448 543 3500 ferro
551 3434 689 3514 (fromolde,
706 3434 839 3509 tydmride
854 3433 884 3486 de
926 3437 978 3498 rit.
989 3438 1011 3490 Ie
1019 3439 1080 3507 jour
1095 3438 1157 3491 d'un
1171 3440 1283 3504 todlouu,
1296 3441 1331 3492 tas
1342 3445 1436 3509 partios

374 3526 422 3595 ser)
434 3527 551 3583 trahunt.
565 3524 617 3577 En.
926 3517 1045 3574 oclairo'es.
1063 3517 1157 3574 lirun.

416 3613 443 3662 6.
455 3608 562 3660 Pretium
577 3604 603 3654 in
616 3599 689 3652 libros
700 3597 770 3664 trojus
783 3595 885 3645 sestertii
970 3614 1009 3650 ιο.
1023 3598 1068 3652 Ao
1079 3599 1175 3652 abacos.
1190 3591 1317 3652 Dicemd
1330 3597 1365 3652 de
1379 3600 1437 3670 ejus

376 3690 434 3742 bini.
450 3683 582 3756 Doroudr‘r's
603 3698 662 3731 ooo
689 3675 804 3728 detractis
825 3667 883 3735 (aie
925 3677 1437 3749 vocirinaolentiorerignifieatmquem

375 3759 471 3834 olim).
488 3767 521 3817 Τὸ
534 3764 602 3830 hujus
613 3778 667 3811 uon
682 3760 762 3808 estin
776 3752 883 3806 Votuin·
925 3756 1052 3810 hocloco
1067 3757 1163 3822 habet,
1177 3757 1293 3823 XXXV,
1312 3775 1324 3812 r
1343 3771 1370 3812 et
1389 3760 1438 3812 13.

374 3848 560 3903 nocetemm
568 3831 882 3910 quodlucldumvoeffllr
927 3835 959 3890 Η.
974 3837 1129 3892 -Ahacon
1148 3839 1231 3894 thret
1246 3839 1304 3904 itti,
1323 3839 1356 3890 los
1376 3857 1439 3892 oom-

340 3918 343 3923 ’
374 3933 431 3999 ejus
444 3924 559 3999 pretium
572 3915 734 3972 esrevulrin
748 3913 828 3966 libras
844 3929 883 3964 se·
923 3921 1072 3986 partiorem.
1090 3918 1175 3974 Buor.

374 4008 496 4064 stertium
524 4017 608 4054 uuum
636 4008 663 4049 et
689 3991 880 4049 dimidiatum:
969 4013 1013 4049 rr.
1035 3996 1126 4049 Micon.
1151 3997 1265 4064 Grecit,
1290 3998 1388 4061 Μίκων,
1411 4009 1439 4050 et

373 4102 476 4144 tantum
491 4083 561 4138 anim
576 4087 656 4130 restat
665 4071 796 4145 dipondio
813 4071 882 4126 binis
926 4076 1092 4146 Πολύγνωτος.
1109 4077 1149 4130 De
1170 4078 1212 4132 hio
1225 4075 1344 4132 dicemus
1361 4076 1438 4132 libris

374 4166 499 4224 sestertiis
510 4159 637 4216 detracto.
651 4155 792 4223 Perperam
809 4153 882 4205 Dole-
926 4156 1104 4226 sequentibus.
1117 4157 1208 4210 Hono.
