3100 5125
470 524 629 594 sinna
656 522 817 590 xxxv.
1113 523 1181 619 367

114 681 272 728 somnum
294 654 487 748 ademptum
508 654 569 724 sibi
592 650 766 722 volucrum
782 665 958 722 concentu.
982 655 1026 722 At
1044 649 1091 722 illi
1109 655 1184 725 dra·
1285 663 1287 672 ’

114 787 236 832 conam
262 763 297 828 in
320 760 509 855 longissima
533 757 728 828 membrana
747 757 915 850 depictum
938 759 1185 832 circumdedere

115 868 191 938 loco
208 896 216 936 ε
232 892 338 959 eoque
359 882 485 935 terrore
503 879 665 936 arastum
683 861 809 934 siluisse
820 863 1005 954 narratur¹,
1023 881 1057 936 et
1069 881 1185 959 postea

116 974 289 1067 cognitum
310 986 361 1042 est
381 974 427 1040 ita
448 996 545 1066 posse
563 969 738 1063 compesci.

170 1081 333 1146 XXXIX.
353 1079 447 1148 Ceris
464 1080 599 1171 pingere
607 1074 630 1163 ¹,
646 1099 686 1144 ac
703 1075 867 1169 picturam
883 1077 1013 1146 inurere
1032 1079 1106 1170 quis
1128 1103 1182 1148 ex·
1207 1107 1216 1135 1

118 1185 323 1278 cogitaverit,
331 1179 1185 1277 nonconstatQuidamAristidisinventum²putant,

119 1305 233 1384 postea
239 1303 507 1360 consummatum
519 1311 539 1356 a
553 1285 723 1356 Praxitele.
738 1286 803 1356 Sed
814 1286 981 1380 aliquanto
989 1291 1185 1360 vetustiores

119 1395 314 1466 encaustica
331 1396 468 1489 piemrae
488 1395 662 1476 exstitere,
677 1406 717 1461 ut
730 1391 922 1487 Polygnoti,
940 1408 974 1462 et
992 1393 1184 1482 Nicanoris,

119 1517 152 1570 et
163 1499 319 1570 Arcesilai
338 1501 509 1570 Pariorum
519 1485 543 1568 ³.
559 1484 747 1592 Lysippus⁴
762 1523 893 1593 quoque
909 1501 1035 1595 AEginae
1048 1502 1185 1592 picturas

120 1631 185 1675 suae
206 1607 373 1700 inscripsit
390 1609 564 1672 ἐνέκαυσιντ
582 1604 673 1697 quod
694 1602 845 1697 profecto
862 1629 931 1673 non
955 1604 1102 1693 lecisset,
1124 1609 1185 1676 nisi

119 1727 305 1782 encaustica
322 1725 464 1778 inventa.

169 1820 243 1886 XI„
264 1814 473 1910 Pamphilus¹
488 1839 618 1909 quoque
630 1813 752 1908 Apellis
765 1829 950 1909 praeceptor
962 1841 1029 1886 non
1042 1811 1185 1910 pinxisse
1205 1848 1215 1880 ι

119 1937 247 1996 tantum
278 1936 451 2003 encausta,
481 1920 663 1990 sedetiam
694 1919 844 1990 docuisse
874 1921 1014 1994 traditur
1044 1924 1184 1992 Pausian
1274 1917 1279 1928 ’

119 2025 328 2122 Sicyonium¹
346 2028 489 2120 primum
511 2028 545 2094 in
562 2027 628 2094 hoc
649 2050 769 2120 genere
787 2025 941 2096 nobilem.
961 2029 1077 2096 Brietis
1098 2027 1185 2098 filius

120 2134 173 2202 liic
201 2134 284 2219 fuit,
307 2132 519 2226 ejusdemque
547 2133 655 2225 primo
686 2129 877 2225 discipulus.
912 2135 1022 2202 Pinxit
1057 2135 1183 2228 etipse

119 2238 270 2333 penicillo
283 2240 425 2333 parietes
438 2222 617 2331 Thespiis³,
628 2262 731 2330 quum
744 2237 961 2308 reficerentur
978 2239 1146 2333 quondam
1163 2265 1183 2310 a

156 2413 314 2468 XXXVIII.
326 2430 349 2465 r.
362 2414 493 2466 Narratur.
506 2412 579 2465 Brut.
596 2430 629 2464 ex
715 2417 742 2474 4.
759 2413 886 2483 Iqsppm.
904 2413 965 2466 Hoc
982 2414 1064 2484 igitur
1078 2415 1185 2468 tertium

121 2493 195 2548 uss.
213 2495 297 2565 Regg.
313 2504 341 2544 et
357 2490 475 2546 editione
490 2491 627 2564 principe,
672 2509 741 2561 opus
757 2492 837 2544 exiis
857 2504 911 2556 est,
928 2511 987 2562 quaa
1006 2493 1126 2546 absolute
1143 2495 1184 2546 in·
1231 2543 1237 2548 .

119 2586 257 2627 narrantur.
271 2574 323 2625 En.
672 2570 769 2640 scripta
791 2572 870 2625 fuisse
890 2573 1016 2625 scribitur
1040 2572 1067 2624 in
1088 2575 1184 2643 praia-

155 2654 285 2706 XXXIX.
304 2670 330 2705 1.
347 2650 415 2703 Caris
431 2654 539 2720 pingere.
553 2648 630 2702 Ceris
671 2651 744 2703 tione
759 2648 794 2703 ad
811 2652 921 2717 Titum,
941 2670 1005 2705 rnna
1018 2670 1096 2705 ranan
1108 2673 1115 2703 z
1128 2672 1184 2707 non

119 2731 295 2787 discoloribus
303 2730 446 2801 pingebant
457 2728 574 2799 antiqui3
586 2728 627 2800 pi·
670 2727 805 2801 pendente
825 2729 918 2795 titulo,
940 2749 1005 2785 uu
1026 2750 1182 2785 ricinum:

118 2810 430 2882 cturamqueinurebnnt:
439 2807 630 2879 qnodquomo·
670 2809 722 2862 hoc
730 2821 788 2871 est,
801 2828 855 2862 non
868 2810 996 2871 Λύσιππος
1011 2813 1126 2869 Iseaalu,
1138 2812 1184 2865 aed

118 2890 254 2953 dolieret,
267 2888 385 2941 dicemus
397 2886 525 2950 inferius,
538 2904 562 2939 c.
579 2893 626 2948 ἀι.
671 2889 854 2943 Immune.
868 2893 1073 2943 nunxarzmt.
1092 2890 1125 2942 II.
1144 2925 1185 2936 —

119 2970 229 3025 Interim
236 2967 272 3023 de
280 2967 455 3021 discoloribus
465 2966 533 3033 ceris
541 2966 628 3019 Varro
670 2968 796 3037 Inscripsit
807 2970 944 3023 Isinauasr.
956 2969 1063 3023 Inussit.
1073 2969 1134 3023 Haec
1146 2985 1186 3025 est

118 3047 426 3103 namnetensem:
443 3045 629 3098 uPiotoresIo-
670 3048 819 3100 encaustica
846 3049 973 3119 pictura,
1002 3049 1183 3122 l'encaustiqus.

119 3130 214 3181 culatas
225 3145 332 3197 magnas
342 3127 441 3179 habeut
454 3124 569 3188 arculus,
581 3125 628 3177 nbi
670 3126 729 3179 Hoc
745 3128 844 3181 sacculo
864 3146 894 3181 ea
910 3129 1033 3181 excelluit
1051 3130 1091 3182 ct
1107 3131 1184 3183 Zora-

119 3204 262 3263 discolores
276 3219 337 3259 sunt
349 3222 423 3259 cere.
437 3230 448 3251 ·
466 3202 546 3255 lI.-
556 3205 627 3273 Quis.
669 3223 715 3259 so.
726 3207 811 3259 Bnor.

120 3286 341 3358 Brotquiprimns
353 3287 533 3353 excogitaverit.
547 3283 599 3335 En.
710 3286 769 3338 XL.
787 3304 811 3339 r.
828 3284 978 3355 Pamphilus.
994 3288 1034 3339 De
1054 3304 1109 3357 qno
1128 3288 1184 3359 egi·

159 3386 184 3419 a.
201 3365 308 3435 Quidam
324 3364 441 3417 Aristr‘dis
455 3365 573 3413 insensum
583 3381 628 3431 pu·
671 3380 732 3417 mus
747 3382 828 3434 supra
842 3383 901 3433 cap.
916 3366 963 3419 36.
979 3366 1072 3419 liano.

120 3456 178 3497 tane.
192 3446 258 3515 Ejus
274 3444 322 3514 qui
338 3442 467 3512 Polycleti
481 3440 628 3511 discipulus
712 3463 739 3495 a.
754 3444 865 3497 Parasino
879 3442 1026 3516 Sicyonium.
1042 3444 1116 3499 Idem
1134 3448 1185 3499 sor·

119 3524 183 3587 init,
209 3523 245 3577 de
273 3542 346 3593 qno,
367 3521 497 3587 XXXIV,
520 3540 564 3589 19.
587 3521 628 3571 De
670 3521 743 3575 tassia
767 3523 860 3594 quiet
884 3524 997 3577 Pauson.
1022 3526 1088 3595 Ejus
1115 3526 1185 3579 festi-

120 3602 245 3656 Praxitele
258 3600 367 3653 ibidem.
379 3602 469 3653 Iliun.
607 3660 612 3669 ⁸
669 3618 734 3653 vum
745 3598 846 3655 dictum
856 3603 936 3655 refert
948 3603 1075 3666 AElianus,
1084 3604 1183 3659 Ilistor.

159 3682 186 3733 3.
205 3683 329 3735 Arcesilai
346 3680 482 3731 Pariorum.
500 3677 587 3731 Pinxit
604 3676 626 3731 is
670 3678 717 3731 lib.
730 3680 806 3745 XIV,
818 3700 878 3752 cup.
892 3684 934 3735 15.
945 3684 1013 3735 Dan.
1024 3684 1182 3735 -Pausiam

118 3761 144 3811 in
157 3762 258 3813 Piraeeo
268 3780 329 3814 cnm
340 3758 431 3811 liberis
440 3759 493 3811 suis
503 3758 627 3811 Leosthe-
671 3760 780 3813 Παυσίου
794 3762 905 3830 pictoris
919 3780 998 3831 opera
1012 3760 1101 3815 laudat
1116 3762 1184 3814 Pau·

118 3841 251 3911 nem,qui
268 3838 464 3894 atheniensium
479 3851 505 3889 et
518 3838 626 3891 Graeco·
671 3856 727 3891 san.
753 3840 781 3890 in
809 3840 933 3895 Corinth.
958 3842 1000 3901 11,
1031 3860 1092 3911 pag.
1118 3840 1183 3905 234.

117 3938 175 3971 rum
190 3921 303 3973 aliorum
321 3917 375 3970 dux
390 3919 452 3971 vicit
466 3915 626 3971 Macedonas
672 3918 814 3983 Horatll,
825 3922 916 3990 Sat.7,
927 3938 952 3971 v.
967 3918 1002 3985 95
1013 3920 1092 3973 avil
1101 3938 1183 3989 quum

118 4009 166 4061 ter,
174 3999 202 4051 in
213 3998 327 4061 Boeotia,
337 3996 371 4049 ad
381 3996 590 4067 Thermopylas,
600 4007 627 4047 et
671 3996 798 4051 Pausiaca
815 4011 921 4069 torpes,
938 3998 1040 4061 insane,
1051 4000 1156 4053 tabella.
1167 4026 1178 4047 ι

117 4074 149 4130 ad
168 4076 287 4131 Zamiam
304 4076 425 4129 fluvium.
442 4076 581 4129 Pausanias
599 4075 627 4126 in
713 4074 740 4127 3.
753 4076 842 4130 Pinxit
857 4091 880 4129 et
893 4081 942 4147 ipss
955 4078 1069 4147 penicillo
1080 4082 1184 4148 parietes

118 4156 228 4225 Atticis,
241 4158 270 4221 I,
285 4174 311 4225 p.
324 4175 349 4207 a.
360 4156 429 4207 Dan.
676 4155 792 4225 Tlnspr'is.
811 4157 919 4209 Pausias
937 4156 1044 4211 scilicet.
1062 4158 1104 4209 Sic
1123 4158 1184 4211 libri
