3100 5125
487 531 640 600 arnna
663 531 844 600 xxxvi.
912 593 917 604 ,
1123 531 1190 630 557

141 690 236 739 suum
258 687 326 736 non
344 662 483 759 amplius
501 661 620 732 littoris
641 663 800 756 spatium,
814 661 913 756 idque
926 648 1073 731 tantum⁶
1089 665 1194 738 multa

142 797 202 868 per
226 770 342 842 saecula
360 768 527 888 gignendo
544 767 606 836 fuit
622 769 720 836 vitro.
739 769 839 836 Fama
859 767 936 852 esd,
954 767 1089 862 appulsa
1110 795 1196 842 nave

142 891 362 948 mercatorum
378 876 580 1004 nitri,quum
597 874 700 967 sparsi
721 897 782 966 per
797 871 886 942 littus
900 872 1013 992 epulas
1024 892 1195 969 pararent,

141 1007 203 1052 nec
216 997 302 1053 asset
314 982 451 1050 cortinis
451 965 662 1048 ‘attollendis
675 976 822 1096 lapidum
836 980 974 1062 occasio,
986 978 1109 1073 glebas⁹
1120 984 1197 1052 nitri
1263 992 1266 998 '

142 1112 161 1157 e
177 1111 264 1157 nave
279 1085 469 1156 subdidisse.
485 1084 617 1173 Quibus
633 1083 778 1155 accensis
792 1084 952 1176 permixta
965 1108 1064 1154 arena
1076 1086 1196 1172 litoris,
1232 1076 1234 1084 ⁵

142 1189 380 1262 translucentes
397 1215 476 1260 novi
467 1186 653 1284 'liquoris¹⁰
672 1187 850 1257 flunsse'
824 1213 929 1276 nvos,
944 1203 978 1257 et
991 1190 1078 1262 hanc
1099 1191 1198 1262 fuisse

143 1299 302 1393 originem
323 1296 409 1365 vitri
480 1340 484 1344 <

195 1405 320 1473 vat
355 1404 438 1470 Mox
459 1414 497 1469 ut
519 1413 569 1470 est
585 1414 693 1469 astuta
709 1413 744 1468 ct
767 1399 949 1494 ingeniosa
961 1349 1108 1487 solertia,
1130 1428 1230 1474 noni

142 1509 204 1578 suit
228 1520 385 1578 contenta
405 1507 528 1588 nitrum
548 1505 738 1576 miscuisse.
757 1518 884 1599 coeptus
907 1504 983 1574 addi
1010 1521 1043 1576 et
1065 1531 1199 1602 magnes

142 1613 255 1710 lapis:
275 1613 430 1706 quoniam
445 1613 478 1679 in
499 1635 534 1680 se
552 1610 711 1704 liquorem
733 1611 812 1678 vitri
827 1634 975 1704 quoque,
994 1625 1032 1680 ut
1055 1611 1197 1699 ferrum,

143 1719 276 1788 trabere
290 1717 445 1787 creditur.
463 1714 566 1785 Simili
575 1705 675 1785 modo
689 1729 722 1784 ct
732 1714 849 1785 calculi
863 1714 1069 1809 splendentes
1085 1718 1199 1788 multi-

143 1824 261 1895 fariam
279 1825 378 1918 coepti
400 1823 476 1891 uri:
497 1821 616 1891 deinde
629 1821 785 1905 concbae,
808 1836 841 1889 et
859 1819 983 1890 fossiles
1004 1845 1119 1894 arenae.
1140 1828 1201 1894 Au·

143 1934 252 2000 utores
269 1943 365 2013 sunt,
379 1929 415 1996 in
425 1926 520 1996 India
532 1951 552 1995 e
566 1925 719 2021 crystallo
735 1925 839 1994 fracta
858 1925 949 2009 fieri,
967 1941 1001 1998 et
1015 1926 1059 1996 ob
1074 1927 1107 1996 id
1125 1928 1200 1998 nul-

144 2034 211 2104 lum
243 2035 428 2128 comparari
451 2031 576 2102 Indico.
602 2029 764 2101 Levibus‘
785 2045 894 2100 autem
919 2031 1081 2161 aridisque
1105 2031 1199 2131 lignis

142 2141 338 2276 coquitur,
344 2138 459 2208 addito
484 2134 639 2231 Cyprio',
666 2161 705 2207 ac
732 2138 842 2222 nitro,
869 2138 1010 2206 maxime
1017 2121 1197 2232 ³Ophirio.

144 2231 338 2315 Continuis⁴
360 2242 567 2329 fornacibus,
587 2257 625 2312 ut
644 2267 708 2330 ees,
731 2189 890 2337 liquatur,
919 2265 1096 2337 manesque
1117 2245 1234 2320 liunt,

184 2413 306 2487 &quue
319 2425 419 2465 tarem.
435 2412 476 2464 Ex
491 2421 544 2464 tem
560 2411 654 2483 exiguo
697 2409 1201 2486 nes,et1sidornssnon,uttypi.

145 2493 231 2566 spatio
236 2511 319 2565 quum
329 2508 420 2544 srenas
426 2490 656 2565 censebantquot·
696 2491 784 2543 aedilis
796 2491 903 2564 liquoris.
918 2489 952 2543 Η.
964 2450 1078 2544 -vblds
1092 2493 1162 2546 Bmt.
1176 2505 1204 2546 ut

145 2574 225 2629 annis
236 2584 335 2625 onustas
355 2588 436 2625 naves
450 2570 586 2641 plurimu,
599 2572 654 2624 snt·
696 2584 734 2623 ess
752 2574 832 2640 tegna
848 2570 960 2631 solertias
979 2567 1072 2623 deletis
1092 2572 1202 2627 vocibus

145 2652 241 2707 ficiunt
264 2662 353 2704 tamen
382 2667 488 2721 semper
515 2662 653 2716 recentes,
695 2650 739 2702 bis
752 2649 869 2709 duabus,
885 2660 1008 2703 astatur.
1023 2650 1076 2703 Ilo.

145 2732 245 2803 quibus
259 2730 304 2783 ille
318 2730 392 2782 Iocus
408 2728 560 2800 impellente
573 2742 654 2782 vento
734 2729 833 2782 val.
851 2747 876 2782 r.
893 2728 999 2781 aarum.
1015 2729 1083 2799 Lege
1102 2748 1109 2780 :
1128 2730 1202 2782 leci·

145 2810 280 2882 impletur.
288 2808 527 2880 iosepbnsloccit.
538 2808 654 2872 Tacitus,
696 2807 846 2879 bangrssci
864 2807 966 2861 ἄκαπνα
985 2820 1092 2873 roesnt,
1106 2808 1204 2862 Home·
1245 2876 1248 2881 Ι

146 2890 217 2943 Ilist.
229 2888 276 2941 lib.
291 2888 326 2953 V,
336 2904 397 2958 pag.
412 2904 465 2956 ¹¹7
478 2904 486 2939 s
500 2909 512 2931 ι
527 2886 564 2940 Et
575 2888 653 2940 belus
695 2904 741 2939 rus
753 2888 881 2957 κάγκανα,
894 2903 954 2957 qun
965 2882 1104 2957 δριμύτητα
1110 2893 1204 2941 καπνοῦ

145 2969 233 3021 amnis
244 2965 358 3020 Iudaico
366 2965 554 3019 mariillsbitnr
565 2986 573 3018 s
584 2966 655 3019 circs
697 2984 752 3018 non
760 2967 868 3020 habent.
878 2965 994 3018 lenibus
1002 2965 1036 3017 τὰ
1045 2962 1134 3035 ripple
1143 2982 1206 3020 con-

147 3049 226 3120 cnjus
241 3064 271 3099 os
286 3045 401 3099 collectae
415 3062 516 3111 arenas,
538 3042 656 3098 admisto
698 3045 778 3098 trsris
793 3056 862 3098 sunt.
877 3043 958 3116 Apud
972 3044 1117 3110 Catonem,
1140 3072 1152 3093 ι
1166 3046 1205 3099 le·

147 3126 235 3191 nitro,
246 3124 275 3177 in
284 3125 384 3178 riuum
395 3135 586 3194 excoquantur.
596 3124 658 3176 Mo·
698 3125 777 3177 nibus
789 3124 865 3195 lignis
874 3124 953 3177 lecito
966 3125 1094 3177 calescstr
1112 3150 1123 3171 ι
1135 3123 1206 3196 spnd

147 3204 243 3259 dicum
252 3202 282 3257 id
292 3203 364 3257 littus
371 3244 378 3268 ,
385 3201 604 3272 redegerentibus
614 3203 656 3255 in·
700 3204 847 3256 Vsrronem
857 3203 940 3267 ,lib.1
950 3239 958 3267 ,
970 3220 1026 3273 cap
1040 3204 1075 3257 63
1085 3212 1206 3269 ,stauros

148 3284 313 3337 esbsuetnm.
330 3307 342 3329 ι
359 3280 450 3334 fluo.
513 3331 517 3339 ,
700 3280 859 3354 decoquitur
876 3281 903 3334 ia
925 3280 1031 3345 ahenis,
1051 3282 1154 3335 lenibus
1171 3283 1206 3335 li·

190 3382 219 3433 7.
233 3364 310 3415 Fessa
317 3373 362 3415 est.
377 3361 440 3413 Hac
449 3358 559 3413 totidem
570 3360 658 3414 verbis
700 3362 767 3431 gnis.
782 3362 885 3413 Dsnsn.
898 3390 938 3401 --
948 3360 1049 3414 Levibus
1061 3374 1147 3413 sutem.
1159 3362 1209 3415 Isi·

148 3440 284 3507 lsidoros,
296 3440 371 3511 Orig.
381 3439 431 3491 lib.
443 3438 525 3502 xvt,
535 3457 593 3511 cap.
611 3439 656 3492 15.
701 3438 798 3504 dorus,
809 3439 882 3509 Orig.
894 3439 939 3493 lib.
951 3439 1028 3504 XVI,
1039 3458 1097 3511 cap.
1112 3440 1156 3495 1⁵.
1171 3442 1207 3497 II.

192 3523 220 3575 8.
239 3521 352 3573 anua.
365 3517 500 3582 Isidorus,
513 3523 589 3572 suis.
602 3516 636 3569 ll.
742 3538 769 3572 s.
786 3518 880 3571 Adduo
895 3517 993 3590 Cyprio.
1008 3517 1066 3572 Hoc
1082 3532 1134 3585 est,
1155 3537 1207 3572 aare

192 3617 221 3669 9.
233 3598 327 3651 Gledss
340 3600 407 3649 nitri.
420 3598 444 3649 E
456 3596 540 3649 succis
550 3614 658 3651 concre-
701 3596 812 3670 Cyprio.
828 3596 964 3661 Isidorus,
977 3598 1061 3651 adito
1069 3618 1150 3669 caspio.
1160 3598 1195 3651 II·

149 3676 201 3743 tis,
219 3677 265 3749 qni
282 3694 345 3731 cnm
360 3674 494 3747 lapidibus
512 3674 657 3744 liquescere·
742 3676 769 3729 3.
783 3676 891 3728 dissime
903 3676 1012 3745 Ophir-io.
1024 3677 1100 3730 MSS.
1111 3675 1206 3747 Ofirio,
1307 3709 1310 3723 .

150 3754 372 3809 tibnssdvitrnm
382 3752 576 3808 conficiendum
585 3767 658 3807 natu·
702 3768 728 3808 et
753 3754 853 3825 Ossia-is.
873 3754 947 3820 Quid
966 3756 987 3807 si
1014 3756 1154 3827 Oplsqrie,
1174 3756 1209 3809 ab
1238 3806 1242 3818 ,

150 3835 202 3889 rsli
218 3835 373 3905 cognatione
390 3837 553 3906 jungnntur,
567 3834 659 3905 primis
701 3834 803 3905 oppido
819 3834 931 3887 Troadis
951 3835 1123 3905 cognomine,
1136 3836 1211 3906 cujus

151 3914 225 3967 nitro
239 3913 395 3967 deferuntur
418 3931 426 3965 ε
450 3910 571 3965 meando
594 3912 658 3975 sali,
704 3915 847 3967 meminere
864 3913 975 3977 Strabo,
993 3913 1039 3966 lib.
1054 3914 1137 3974 xm,
1150 3929 1210 3984 pag.

153 3992 284 4048 erevtde
294 3992 443 4063 Agricolam
452 3991 550 4056 ,delle
562 3990 660 4045 metali.
707 3992 759 4059 59⁵
768 4011 777 4057 ς
786 3993 996 4062 Harpocration,
1009 3990 1109 4062 aliique
1117 3991 1129 4044 i
1138 3990 1214 4057 Quid

151 4072 202 4125 lib.
219 4072 289 4139 x11,
307 4089 367 4143 pag.
388 4078 451 4141 ⁴7⁰·
465 4071 554 4124 lisam
704 4069 1097 4142 sipotinsaplrroas'trofillun.

199 4168 240 4202 ro.
257 4152 321 4205 Novi
338 4151 446 4223 liquoris.
458 4149 661 4205 stersssom·
747 4157 773 4213 4.
793 4150 928 4203 Continuis.
950 4149 994 4203 Sic
1015 4149 1080 4205 Isid.
1104 4148 1216 4205 totidem
