3100 5125
357 448 426 522 aas
627 451 666 518 e.
692 450 859 540 rainu
882 451 988 519 nar.
1015 452 1144 520 urst.

298 639 302 644 J
355 583 591 656 circumducta.
606 585 723 678 Itaque
737 582 838 654 talem
852 585 994 679 primam
1007 582 1127 654 fuisse:
1141 573 1336 656 secundam⁵
1349 588 1420 658 sin2

356 690 447 786 gulis
460 689 648 775 coloribus,
679 702 713 759 et
732 675 1056 760 monochromaton⁴
1080 688 1220 777 dictam,
1240 707 1419 788 postquam

322 827 337 861 α
355 798 527 893 operosior
543 796 676 863 inventa
692 810 785 865 erat:
803 796 966 890 duratque
981 792 1054 864 talis
1070 796 1167 864 etiam
1182 820 1280 867 nunc.
1300 801 1420 873 Inven-

354 918 422 972 tam
447 902 603 971 linearem
625 900 740 971 dicunt
765 927 786 970 a
805 899 951 971 Philocle
969 901 1139 996 AEgyptio,
1167 887 1237 970 vel⁵
1257 901 1418 974 Cleanthe

356 1008 538 1080 Corinthio.
562 1006 663 1075 Primi
687 1030 864 1077 exercuere
889 1006 1021 1076 Ardices
1044 1006 1256 1096 Corinthius,
1277 1023 1311 1078 et
1326 1009 1420 1080 Tele-

355 1115 481 1208 phanes
493 1114 683 1207 Sicyonius,
697 1113 766 1181 sine
780 1111 847 1181 ullo
864 1113 1044 1181 etiamnum
1064 1098 1207 1200 colore⁶‚
1224 1114 1292 1208 jam
1307 1129 1418 1185 tamen

299 1228 304 1239 “
355 1233 547 1314 spargentes
556 1218 658 1288 lineas
669 1218 780 1288 intus⁷.
793 1217 873 1288 Ideo
885 1232 920 1287 et
930 1242 1013 1312 quos
1026 1217 1216 1312 pingerent,
1232 1219 1419 1292 adscribere

356 1389 499 1462 quemdam
515 1390 650 1453 nominat,
665 1407 725 1460 pag.
741 1393 775 1442 16
793 1388 865 1444 :st
907 1386 1002 1453 larem,
1014 1388 1076 1451 XII,
1092 1407 1137 1454 ro,
1152 1407 1211 1461 psg.
1229 1390 1284 1460 893
1298 1408 1305 1443 ε
1321 1414 1332 1439 ι
1346 1389 1419 1444 Clari

356 1471 517 1543 σκιαγραφίαις
533 1469 575 1540 pir
591 1471 726 1538 abpntsiene
738 1469 787 1522 unt
800 1474 865 1522 Σαυ·
906 1468 1022 1539 pictores
1044 1468 1122 1524 fuisse
1143 1467 1270 1523 dicuntur
1285 1469 1418 1542 Polygno-

356 1552 421 1620 ρίου,
438 1553 513 1604 ἵππον
535 1551 559 1601 lv
581 1549 641 1619 ἡλίῳ
661 1548 865 1618 πιριγραίψαντας.
907 1559 965 1612 tus,
993 1559 1071 1618 etque
1101 1546 1274 1620 Aglaophon,
1300 1567 1417 1619 quoram

359 1625 866 1698 tUmbratilemeoimpicturam,equi
906 1625 1018 1698 simplex
1043 1627 1118 1680 color
1141 1639 1195 1680 tam
1221 1628 1261 1681 sui
1286 1627 1418 1682 studiosoa

355 1710 451 1761 umbra
466 1708 495 1760 in
516 1707 571 1759 sole
586 1707 784 1777 circumscripta
799 1707 865 1760 Ssu·
907 1704 994 1758 adhuc
1005 1705 1100 1770 habet,
1111 1718 1161 1759 etc.
1176 1733 1188 1754 .
1200 1706 1418 1761 Monoebromata

354 1788 408 1841 rias
418 1786 530 1840 invenit.
544 1810 556 1833 ι
571 1785 784 1838 vetustissimam
797 1786 866 1838 hane
906 1785 1092 1854 Delecsmpiua
1112 1803 1172 1838 cum
1194 1787 1418 1857 monogrammis,

354 1866 486 1936 picturam
501 1865 629 1918 linearem
642 1865 804 1935 σκιαγραφίαν
820 1883 867 1918 vo·
906 1881 966 1935 que
985 1863 1060 1916 fuere
1077 1864 1174 1918 coloris
1193 1867 1326 1936 expertia,
1349 1866 1419 1919 male

280 1975 285 1982 ·
338 1945 430 2010 'cant,
449 1963 504 2016 quo
522 1944 631 1997 nomine
645 1943 728 1996 hodie
744 1942 866 2014 designa·
907 1940 1056 1996 confundit.
1070 1943 1163 1998 Hsan.
1468 1951 1469 1954 ’

354 2042 414 2078 mus
437 2021 670 2076 adumbrationem
694 2023 809 2094 primam
837 2023 865 2076 in
951 2023 978 2074 5.
995 2021 1043 2074 Vel
1063 2022 1178 2076 Cleanthe
1194 2023 1326 2076 Conntlse'o.
1344 2024 1419 2078 Alter

354 2103 465 2173 picturas
479 2102 619 2174 operibus,
637 2120 696 2171 que
714 2102 797 2154 veluti
814 2101 866 2154 ini·
907 2099 952 2154 bic
974 2117 988 2152 a
1012 2101 1141 2156 Cleanthe
1166 2101 1324 2168 Corinthio,
1342 2105 1420 2172 cajus

356 2182 423 2236 tium
448 2193 504 2245 est,
529 2180 722 2251 exordiumque
748 2181 865 2250 reliquo·
906 2177 1022 2252 picturas
1034 2178 1125 2234 laudat
1146 2181 1418 2248 Straho,lib.V111,

354 2281 424 2314 rum.
445 2288 456 2309 ι
475 2260 571 2314 Primis
583 2272 685 2313 tantum
701 2260 791 2324 lineis,
806 2283 817 2305 ι
835 2272 866 2313 ut
906 2277 965 2330 pag.
983 2257 1049 2324 343.
1064 2259 1154 2313 Hann.

354 2342 391 2394 ait
404 2340 595 2406 Quintilianus,
608 2339 660 2402 IV,
679 2358 709 2402 a,
722 2357 782 2410 pag.
799 2337 866 2408 517,
949 2341 975 2391 6.
984 2339 1122 2390 Etiamnum
1129 2339 1215 2391 oofnn.
1223 2341 1295 2392 hrot.
1301 2339 1418 2394 ethSS.

355 2421 399 2474 illa
409 2421 662 2490 consumuntque,
674 2429 705 2470 ut
712 2416 784 2470 idem
792 2417 866 2484 alibi,
907 2418 990 2488 Regg.
1010 2431 1036 2470 et
1049 2416 1114 2472 edit.
1131 2417 1272 2489 principe,
1288 2421 1418 2472 etiamnum

358 2525 371 2546 ι
386 2499 469 2552 linens
490 2497 573 2552 modo
597 2510 728 2550 extremas
748 2497 864 2556 umbre,
908 2497 1029 2549 bieolore.
1045 2497 1098 2550 En.

355 2597 436 2649 quam
457 2598 571 2649 corpora
596 2578 625 2632 in
647 2578 702 2631 sole
729 2576 865 2641 fecissent,
947 2594 974 2647 7.
992 2576 1136 2647 Spargentur
1149 2577 1224 2629 linens
1239 2580 1313 2631 intus.
1326 2578 1417 2633 Altera

354 2656 866 2726 circumscribebantnsolebatbocge·
906 2655 963 2709 base
984 2656 1090 2710 linearia
1112 2656 1214 2727 pictura
1236 2670 1288 2721 est,
1307 2656 1418 2711 rudiore

354 2757 405 2791 nus
420 2738 531 2807 picturas
544 2750 744 2805 monogrammum
759 2736 865 2799 vocari,
906 2734 952 2788 illa
979 2735 1131 2806 perfectior,
1156 2752 1215 2806 que
1242 2736 1331 2806 primo
1358 2737 1418 2791 loeo
1446 2795 1447 2803 ἵ

354 2816 428 2887 quod
441 2835 493 2868 uns
505 2815 673 2885 simplicique
682 2814 752 2866 linea
761 2826 865 2867 cousu-
907 2814 1034 2884 explicata
1052 2827 1185 2869 estruem
1201 2814 1244 2867 illa
1264 2816 1342 2869 lineis
1359 2828 1417 2869 tsn-
1471 2886 1473 2891 Ι

355 2896 410 2949 bat.
423 2895 539 2957 Nonius,
548 2912 573 2946 c.
588 2913 613 2957 1,
622 2912 650 2946 a.
663 2895 717 2946 168
727 2909 735 2944 r
746 2920 758 2941 ι
768 2893 866 2945 Mono·
907 2903 964 2945 turn
978 2893 1057 2948 fiebat
1070 2892 1358 2964 comprehendentibus
1370 2914 1418 2949 es·

353 2974 465 3045 pomini
479 2972 545 3026 dicti
561 2985 624 3025 aunt
640 2972 762 3025 homines
780 2972 865 3025 macie
906 2973 1032 3025 teriorem
1049 2970 1190 3043 pingendae
1203 2973 1242 3026 rei
1260 2974 1389 3027 ambitum
1407 2993 1415 3029 t

353 3067 494 3125 pertenues
509 3069 539 3104 ac
552 3050 689 3105 decolores
702 3067 710 3103 ε
724 3063 864 3104 tractuma
906 3050 963 3105 hee
980 3053 1107 3122 plurimas
1129 3050 1244 3105 addebat
1264 3053 1327 3105 alias
1347 3055 1417 3107 intus

353 3133 473 3203 pictura,
485 3149 544 3202 quaa
553 3130 627 3201 prius
637 3148 716 3201 φιαω
729 3130 865 3183 coloribus
905 3148 957 3201 pro
970 3132 1072 3184 umbras
1086 3132 1189 3185 ratione
1202 3148 1310 3203 sparsae
1323 3132 1419 3185 Nomi·
1502 3199 1504 3203 Α

353 3223 521 3283 corporatur,
540 3210 634 3262 umbra
650 3208 771 3280 fingitur.
792 3234 803 3256 ι
822 3207 864 3262 sd
905 3222 985 3264 natur
997 3210 1208 3267 becalissetiam
1217 3207 1415 3283 gmpbiugreca

352 3310 410 3343 eam
433 3289 522 3343 allusit
549 3289 681 3358 picturam
707 3288 803 3342 Cicero
830 3287 865 3341 de
907 3289 1062 3344 imitatione.
1073 3290 1259 3353 Vitruvius,1,
1278 3292 1361 3355 r,ubi
1376 3291 1417 3343 lo·

353 3370 416 3424 Nat.
433 3372 514 3422 Deor.
532 3364 577 3432 ll,
597 3380 680 3439 quum
694 3386 864 3439 monogram·
906 3368 999 3439 quitur
1012 3366 1046 3423 de
1060 3368 1221 3423 architecto:
1235 3394 1247 3417 ι
1260 3370 1365 3423 Debere
1381 3371 1416 3423 ait

352 3447 696 3509 mosDeosrocatrlisnn.
906 3447 1049 3519 grspbidos
1069 3448 1204 3501 scientiam
1228 3448 1340 3514 habere,
1362 3468 1415 3521 quo

394 3531 421 3583 3.
442 3527 585 3581 Secundam.
610 3525 731 3579 alterum
747 3525 800 3579 boc
818 3544 863 3596 ge·
905 3528 1009 3581 facilius
1022 3527 1217 3599 exemplaribus
1231 3528 1322 3598 pictis,
1336 3547 1413 3600 quum

351 3626 402 3662 ntis
426 3608 552 3678 picturas,
572 3605 721 3659 coloratum
745 3606 861 3670 scilicet,
905 3606 970 3659 velit
978 3608 1066 3677 operis
1076 3606 1203 3677 speciem,
1213 3604 1364 3661 deformare
1374 3626 1418 3661 va·

351 3686 397 3741 sed
414 3688 503 3749 colore
524 3685 617 3749 unico,
632 3685 679 3755 qui
699 3685 794 3737 tabule
813 3686 861 3738 toti
904 3685 994 3739 lesu·
1018 3686 1111 3757 Neque
1130 3687 1201 3739 enim
1221 3687 1306 3740 solent
1326 3706 1415 3740 exem-

351 3768 487 3838 aequaliter
500 3763 646 3817 inducitur.
658 3764 750 3817 Hann.
905 3765 989 3836 plaria
1018 3764 1192 3818 aedificiorum
1223 3764 1307 3827 aliter,
1337 3786 1415 3837 quam

392 3854 419 3911 4.
433 3848 471 3897 Et
488 3844 703 3897 monochromaton.
724 3843 861 3913 Μοναχρώ·
904 3844 1010 3915 pictura
1033 3844 1128 3897 lineari
1149 3843 1255 3898 confici.
1275 3845 1334 3899 Hoc
1352 3865 1415 3899 veno

349 3924 491 3993 pereurid
500 3925 637 3994 μονόχραον,
649 3922 683 3973 ab
695 3939 750 3974 uno
759 3922 859 3977 colore.
905 3924 1042 3977 inventum
1058 3924 1169 3995 picturis
1185 3924 1291 3983 horaria
1307 3924 1415 3978 Cratoni

349 4004 484 4056 Picturam
519 4003 588 4055 hanc
622 4002 860 4055 monochromaton
905 4002 1089 4073 Athenagoras
1113 4003 1249 4067 attribuit,
1272 4004 1332 4057 loco
1356 4015 1416 4057 ante

348 4079 653 4153 Quintilianussppellst
661 4079 807 4150 simplicem
816 4098 861 4134 co-
905 4080 950 4134 cit.
964 4079 1055 4133 Hsan.
