3100 5125
362 491 430 590 572
607 487 672 562 c.
698 491 862 562 norun
887 493 992 562 uir.
1020 493 1149 563 ursr.

328 655 342 688 ι
361 625 504 720 phorum
522 624 604 694 actis
620 612 801 718 subjiciam.
824 627 914 719 Ergo
934 626 1032 694 tertio
1052 624 1240 719 triumpho,
1256 649 1368 764 quern
1387 627 1433 696 de

362 732 495 828 piratis,
513 731 613 815 Asia,
632 733 756 811 Ponto,
773 731 992 828 gentibusque
1013 745 1048 800 et
1064 731 1224 825 regibus
1214 718 1269 798 ml
1285 733 1433 827 septimo

251 836 254 840 ’
364 839 472 932 operis
498 836 596 966 hujus
616 836 785 906 volumine
802 837 968 921 indicatis,
991 839 1039 905 M.
1062 838 1201 922 Pisone,
1218 838 1266 904 Μ
1285 834 1433 907 Messala
1541 923 1542 938 χ

364 928 575 1012 consulibus⁵
578 943 718 1036 ,pridie
738 942 866 1012 kalend.
888 943 998 1012 octob.
1022 943 1076 1012 die
1101 940 1217 1011 natalis
1239 928 1310 1012 sui⁶
1342 945 1432 1037 egit,

364 996 674 1118 transtulitalieum
689 1074 764 1117 cum
781 1050 911 1118 tesseris
922 1048 1098 1118 lusorium⁷
1106 1050 1278 1143 egemmis
1289 1048 1434 1134 duabus,

365 1153 467 1223 latum
487 1153 688 1247 pedestres,
708 1154 842 1248 longum
864 1155 964 1248 pedes
992 1169 1135 1249 quatuor
1157 1146 1216 1238 (et
1234 1179 1276 1222 ne
1294 1154 1433 1248 quisgde

366 1285 405 1330 ea
419 1284 454 1328 re
467 1259 615 1345 dubitet,
633 1259 723 1328 nulla
739 1283 946 1354 gemmarum
964 1260 1188 1356 magnitudine
1205 1259 1305 1329 hodic
1326 1285 1434 1355 prope

276 1402 282 1414 ·
366 1365 407 1434 ad
433 1365 521 1436 hanc
545 1364 795 1460 amplitudinem
820 1366 1039 1450 accedente,
1030 1391 1063 1436 ιιι
1085 1391 1123 1435 ea
1144 1365 1206 1434 luit
1233 1365 1312 1448 luna
1331 1391 1433 1436 aurea

367 1470 479 1566 pondo
489 1468 604 1557 xxx).
623 1470 725 1541 lectos
740 1471 934 1542 tricliniares
950 1487 1038 1540 tres:
1055 1495 1132 1542 vasa
1150 1496 1282 1540 exauro
1295 1486 1329 1540 et
1341 1497 1433 1566 gern-

367 1603 430 1647 nus
442 1564 641 1646 abacorum
658 1603 796 1647 novem:
808 1579 898 1672 signa
912 1603 1012 1647 aurea
1024 1592 1087 1646 trra
1099 1579 1294 1662 Mrnervae,
1306 1579 1433 1665 Marus,

367 1698 402 1752 et
416 1681 594 1777 Apollinis.
608 1709 748 1754 coronas
766 1709 806 1754 err
825 1685 1010 1778 margaritis
1027 1685 1162 1778 triginta
1177 1697 1266 1752 tres:
1284 1698 1433 1752 montem

328 1877 333 1885 q
367 1814 503 1858 aureum
519 1790 715 1882 quadratum
731 1816 807 1859 cum
820 1793 926 1859 cervis
941 1804 974 1858 'et
988 1789 1153 1875 leonibus,
1163 1805 1196 1859 et
1205 1791 1313 1884 pomis
1327 1791 1434 1858 omnis

367 1897 517 1989 generis,
536 1896 739 1964 circumdata
755 1897 823 1966 vite
843 1919 962 1965 aurea:
986 1894 1157 1965 museum⁹
1172 1921 1212 1964 ex
1229 1896 1434 1990 margaritis,

367 2003 401 2069 in
423 2001 517 2093 cujus
538 2001 668 2095 fastigio
687 2001 898 2097 horologium
919 2018 989 2070 erat
1001 2001 1024 2026 ¹⁰
1041 2028 1048 2069 :
1072 2004 1182 2097 imago
1201 2005 1264 2070 Cn.
1286 2002 1433 2096 Pompeii

368 2132 387 2175 e
410 2109 614 2201 margaritis,
635 2107 690 2176 illa
689 2110 803 2203 regio
822 2108 951 2178 honore
973 2122 1083 2202 grata,
1104 2106 1189 2177 illius
1211 2107 1309 2202 probi
1324 2106 1345 2130 '¹
1371 2108 1434 2176 oris

370 2213 616 2306 venerandique
634 2238 694 2307 per
715 2230 852 2284 cunctas
869 2229 1001 2310 gentes,
1023 2213 1125 2282 illa
1085 2237 1270 2308 ,mquam,
1288 2239 1330 2282 ex
1348 2237 1434 2282 mar·

371 2321 504 2411 geritis,
531 2321 704 2388 severitate
722 2322 829 2406 victa,
853 2335 885 2390 et
913 2321 1041 2389 veriore
1063 2267 1231 2388 ldxurioe¹²
1253 2319 1433 2414 triumpho.

335 2443 351 2495 3
368 2425 553 2496 Profecto
543 2439 630 2495 mter
649 2411 795 2495 molles¹³
815 2427 904 2497 viros
924 2425 1074 2498 durasset
1096 2450 1282 2520 cognomen
1302 2427 1435 2519 Magni,

412 2633 439 2690 4.
448 2626 479 2679 In
487 2629 595 2697 septimo.
606 2626 689 2679 Libro
698 2627 763 2691 VII,
773 2644 797 2679 c.
808 2645 834 2698 7.
845 2628 879 2680 Η.
973 2644 1013 2680 ιο.
1043 2627 1203 2696 Horologium
1228 2638 1317 2678 erat·
1307 2666 1313 2678 .
1343 2627 1431 2695 imago.

412 2707 438 2759 5.
457 2706 496 2758 Μ.
516 2706 623 2757 Messala
643 2707 788 2759 oonsulibus.
802 2708 881 2760 Anno
923 2706 998 2759 Brut.
1019 2724 1050 2759 ex
1072 2704 1135 2759 edit.
1152 2706 1316 2776 principat
1336 2716 1435 2758 oonstet

370 2785 453 2838 Urbis
465 2786 529 2851 693.
543 2783 635 2837 Haan.
924 2786 1025 2848 oratio,
1035 2804 1118 2857 quum
1130 2798 1223 2838 caetera
1236 2786 1290 2838 aiut
1300 2784 1330 2837 in
1342 2796 1435 2855 quarto

411 2868 439 2917 6.
450 2865 499 2915 Die
507 2866 595 2915 notulis
604 2867 648 2917 soi.
660 2864 778 2920 Unicum
789 2864 882 2918 trium·
924 2884 1001 2928 caru,
1029 2890 1040 2913 ι
1061 2865 1230 2936 horologium
1252 2875 1330 2929 erat,
1358 2876 1389 2916 nt
1411 2876 1435 2916 et

370 2944 427 3015 pho
445 2942 516 2995 diem
541 2944 645 2996 Plinius
665 2942 792 3015 adsignat.
811 2942 881 2997 Vide
925 2944 1011 3015 imago
1026 2944 1075 2997 Gn.
1092 2943 1222 3015 Pompeii.
1238 2969 1249 2991 ι
1266 2944 1319 2996 Ειι.

370 3024 541 3077 Plutarchum
555 3023 583 3075 in
599 3024 735 3093 Pompeio.
745 3019 842 3077 Ἠιιιιι.
968 3042 1013 3077 ιι.
1021 3024 1091 3076 Illius
1096 3023 1169 3094 probi
1175 3026 1235 3074 oris.
1246 3024 1279 3075 In
1290 3040 1346 3093 quo
1355 3023 1434 3075 forma

413 3122 439 3172 7.
463 3104 563 3155 Atreum
582 3122 634 3155 cum
652 3106 744 3155 tesseris
759 3103 881 3156 tersorium
926 3116 952 3156 et
967 3104 1065 3173 species
1084 3114 1122 3155 eat
1145 3102 1269 3155 liberalis.
1292 3102 1435 3155 Familiarie

376 3182 415 3235 Uo
432 3182 534 3248 domier,
545 3183 587 3235 vel
602 3202 635 3234 ιι
650 3182 776 3255 erogator.
792 3181 825 3237 Η.
925 3183 1014 3235 Plinio
1028 3183 1144 3245 locutio,
1162 3192 1287 3252 usurpata
1302 3178 1436 3252 superins,

413 3263 440 3315 8.
460 3262 607 3315 Adocorum.
624 3262 692 3327 Qua
707 3281 806 3315 norem
823 3262 884 3316 aba·
925 3262 973 3315 lib.
986 3262 1057 3325 VlI,
1071 3280 1129 3333 cap.
1146 3279 1191 3315 rr.
1209 3260 1299 3312 Ηιιιιι.

373 3341 411 3394 cia
425 3340 566 3394 onerandis
584 3342 658 3413 paria
675 3342 773 3395 locent.
789 3343 828 3397 Η.
970 3359 1013 3395 ra.
1035 3343 1177 3394 Etveriore
1195 3341 1299 3392 tersorio
1313 3341 1434 3412 triumpho.

412 3438 440 3488 9.
454 3420 569 3473 Mmeom.
583 3426 703 3475 Mououov
713 3421 882 3475 simulacrum
927 3424 962 3474 Et
974 3440 1062 3475 venos
1079 3421 1191 3473 lunuriae
1200 3439 1301 3490 ,quam
1319 3419 1436 3491 Pompeii

372 3518 429 3553 ease
446 3498 564 3554 rediculo
580 3500 662 3554 Musis
674 3500 751 3555 dicta
766 3500 882 3554 videtur
926 3500 1073 3571 triumpho.
1083 3500 1230 3553 -Verr'ore
1241 3502 1346 3551 lururr'oe
1359 3505 1435 3552 ιιὶιιι·

373 3580 418 3632 Sic
434 3568 511 3633 lorias
529 3555 606 3633 Isidis
625 3594 843 3643 monumentum,
855 3594 885 3634 ut
924 3581 981 3651 pluo.
998 3582 1072 3633 Brot.
1093 3578 1217 3634 reuss,
1236 3582 1320 3650 Regg.
1333 3591 1360 3632 et
1376 3578 1435 3632 edit.

373 3659 437 3711 alibi
455 3658 581 3713 diximus.
599 3660 683 3712 ll.—
694 3661 810 3712 Mensam.
823 3660 886 3713 Mu·
928 3662 1097 3731 principefl
1085 3660 1214 3712 «veriore
1227 3659 1348 3721 luxuria,
1363 3676 1436 3730 quarn

373 3757 447 3792 ceum
470 3737 629 3792 crediderim
650 3758 705 3793 esee
723 3739 884 3802 armarium,
929 3740 1106 3811 triumpho.
1122 3740 1174 3792 En.

300 3868 302 3872 .
374 3836 428 3889 qun
438 3836 481 3870 res
492 3819 615 3888 pretiose
625 3832 698 3873 erant
710 3818 832 3873 condita.
844 3820 886 3873 Sic
972 3818 1016 3872 13.
1041 3819 1155 3886 Profecto
1179 3822 1242 3871 ιἰιιι
1266 3819 1361 3873 molles.
1389 3827 1435 3867 eto.

374 3909 399 3949 et
413 3916 462 3950 nos
478 3918 557 3950 museo
571 3898 659 3952 adhuc
673 3898 789 3951 dicimur
802 3918 887 3951 arma·
928 3899 1052 3952 Profecto
1075 3911 1100 3951 et
1120 3897 1212 3951 molles
1232 3898 1284 3949 viri
1307 3895 1341 3949 ad
1355 3895 1437 3965 Magni

365 3968 536 4047 'ria,quibue
547 3978 798 4049 nummoa.aliaque
808 3979 887 4048 hujus
931 3996 1077 4049 cognomen
1111 3978 1285 4049 respirassent,
1312 3977 1335 4029 si
1359 3975 1436 4047 prima

374 4055 487 4125 nunqua
497 4057 675 4123 curiositatis,
687 4057 832 4113 recondere
843 4077 886 4112 ao·
932 4058 1043 4110 victoria
1067 4058 1105 4110 sic
1127 4058 1315 4129 triumphasset
1335 4074 1343 4109 ι
1361 4072 1436 4126 quum

373 4132 560 4189 lemneBaor.
931 4137 1061 4191 incertum
1075 4137 1158 4201 foret,
1182 4137 1301 4191 virtusne
1321 4148 1392 4198 tum,
1406 4152 1436 4185 an
1541 4130 1542 4137 ’
