3100 5125
394 508 437 553 nn
530 524 532 532 =
664 487 701 552 C.
728 486 894 554 PLlNll
921 488 1029 553 NAT.
1057 486 1182 554 HIST.

393 620 631 713 Britanniaeque
649 619 682 686 in
697 617 806 686 medio
821 618 977 686 dicuntur
995 642 1070 687 usae.
1093 621 1155 687 Hic
1173 642 1262 687 nunc
1284 618 1373 689 solus
1394 649 1450 691 ex·

393 727 512 819 cipitur
534 751 541 792 :
563 725 669 793 caeteri
694 748 809 793 omnes
832 739 1024 808 onerantur,
1051 738 1149 817 atque
1174 726 1270 793 etiam
1297 728 1449 819 privatim

391 830 518 900 articuli
528 830 707 900 minoribus
718 828 953 924 aliis.Suntqui
964 833 1094 899 tresuni
1104 831 1448 925 minimocongerant:

392 936 445 1006 alii
467 950 596 1006 vernet
614 936 691 1005 huie
709 956 812 1025 unum
832 952 959 1006 tantum
974 987 984 1018 ,
1002 960 1069 1029 quo
1085 922 1295 1030 signantern³²
1311 940 1449 1031 signent.

393 1043 554 1113 Conditus
564 1028 655 1127 itte³³‚
668 1055 704 1109 ut
718 1066 769 1111 res
789 1067 881 1129 rara,
896 1057 929 1111 et
944 1028 1074 1135 injuria³

1076 1029 1183 1111 ⁴usus'
1196 1042 1329 1136 indigna
1340 1096 1349 1127 ‚
1362 1044 1453 1112 velut

393 1174 411 1217 e
430 1151 572 1219 sacrario
590 1150 773 1244 promitur:
795 1162 829 1217 et
842 1173 944 1217 unum
962 1150 995 1216 in
1013 1149 1149 1217 minimo
1165 1148 1269 1243 digito
1280 1149 1451 1234 habuisse,

360 1278 376 1325 9
395 1256 594 1347 pretiosioris
602 1257 634 1322 in
644 1255 815 1324 recondito
822 1253 1031 1349 supellectilis
1042 1256 1217 1324 ostentatio
1225 1270 1284 1323 est·
1292 1240 1452 1323 Jam³⁵alii

394 1359 541 1453 pondera
561 1384 675 1429 eorum
694 1374 872 1429 ostentant.
897 1346 1007 1429 Atiis³⁶
1026 1359 1137 1455 plures
1154 1385 1252 1454 quarn
1275 1384 1377 1427 unum
1395 1386 1450 1455 ge·

394 1480 480 1534 stare
498 1463 591 1534 labor
608 1458 669 1533 est.
695 1466 758 1534 Alii
781 1452 962 1535 bracteas³⁷
981 1466 1135 1537 infarcire
1155 1465 1277 1535 leviore
1299 1470 1452 1553 materia,

394 1594 454 1664 pro
480 1584 530 1639 ter
547 1594 680 1654 casum,
706 1574 808 1639 tutius
834 1594 1038 1663 gemnrarurn
1066 1558 1305 1640 sollicitudini³⁸
1324 1588 1450 1665 putant.

394 1674 456 1744 tilii
476 1674 488 1713 ⁹
511 1677 571 1745 sub
592 1678 729 1771 gemmis
751 1701 877 1745 venena
897 1664 1076 1759 cludunt⁴⁰‚
1101 1678 1186 1745 sicut
1210 1678 1452 1747 Demosthenes

393 1844 445 1895 est,
464 1832 557 1885 snulus
577 1834 737 1901 gestabatur,
753 1833 901 1902 praesertim
943 1832 1223 1904 luvenalisSstyr.1:
1239 1834 1374 1887 «Ventilet
1382 1836 1450 1887 asti-

394 1912 545 1979 pronubus,
562 1910 634 1982 quod
648 1913 675 1964 in
694 1929 726 1963 eo
739 1928 833 1964 venam
848 1930 902 1964 esse
945 1930 1005 1963 vum
1042 1910 1132 1982 digitis
1163 1912 1320 1965 sudantibus
1342 1933 1452 1981 aurum,

394 1987 513 2043 crederet
535 1989 608 2042 rudis
630 1990 771 2061 antiquitas
795 1990 828 2043 ad
853 2009 902 2042 cor
943 1988 1001 2042 Nec
1021 1992 1134 2042 sufferre
1156 2002 1236 2062 queat
1256 1993 1363 2062 majoris
1384 2009 1452 2063 pon-

396 2086 477 2141 usqne
495 2070 698 2140 pertingentem.
721 2069 848 2124 Alexand.
869 2071 902 2121 ab
944 2067 1005 2121 ders
1019 2088 1139 2139 gemme.
1158 2096 1170 2117 ι
1188 2072 1256 2124 Dsn.
1270 2100 1309 2111 -
1320 2072 1387 2124 Atia
1397 2074 1452 2141 plu·

396 2150 472 2201 Alex.
484 2147 532 2200 lib.
546 2149 586 2213 11,
602 2166 660 2219 cop.
675 2167 726 2217 19,
746 2163 772 2202 et
791 2151 837 2201 lib.
849 2149 902 2211 lv,
945 2167 990 2200 nes.
1004 2147 1217 2204 Delicatioribns.
1232 2151 1322 2204 Hsnn.

395 2244 452 2297 cap.
467 2228 514 2281 ult.
529 2246 582 2300 quo
601 2227 661 2281 loco
676 2226 748 2298 apud
768 2228 903 2301 Bollucem
986 2228 1031 2299 37.
1042 2228 1159 2280 Brneteas
1170 2229 1454 2297 r'asercire.0rbisanu·

394 2306 457 2377 legit
467 2323 517 2375 pro
535 2306 645 2376 ἀκαρὴς,
665 2308 762 2374 ἀχάτης
775 2324 782 2359 :
798 2322 849 2376 pro
863 2327 905 2360 κο·
944 2308 1032 2359 lorum
1045 2307 1116 2360 intus
1126 2310 1182 2361 cavi
1195 2323 1221 2362 ct
1233 2310 1371 2381 exscripti.
1383 2312 1453 2366 Du..

395 2386 480 2455 ρὶαμος
489 2424 497 2449 ,
507 2386 638 2457 sopiantur.
652 2386 719 2438 Dus.
734 2414 769 2429 -·
782 2385 903 2439 Gallie...
945 2388 1042 2439 -Attt
1048 2387 1164 2442 bracteas.
1177 2390 1284 2443 Bructea
1299 2391 1453 2444 tenuissima

396 2466 420 2515 in
435 2463 527 2526 medio,
540 2476 591 2517 etc.
605 2464 679 2531 brot.
694 2482 727 2517 ex
742 2462 806 2518 edit.
818 2466 904 2537 princ.
946 2466 1002 2518 nuri
1013 2467 1111 2519 lomina
1121 2481 1173 2533 est,
1186 2467 1266 2522 ducta
1277 2470 1304 2522 in
1314 2470 1453 2535 circulum,

397 2556 422 2596 et
442 2542 483 2597 Cl.
506 2540 626 2598 Durand.
646 2569 657 2590 ι
669 2542 792 2597 cutte...
815 2544 904 2599 medio
945 2564 997 2617 qua
1010 2566 1112 2618 gemme
1124 2547 1195 2600 anuli
1207 2550 1365 2603 continetur.
1378 2549 1453 2604 lianc

396 2623 448 2677 dic.
465 2641 554 2677 usna
579 2623 633 2676 Eo.
945 2627 1044 2679 circum
1060 2628 1183 2680 infarcire
1194 2629 1253 2683 lana
1268 2629 1381 2683 similive
1398 2649 1453 2682 mn·

438 2704 485 2756 32.
499 2704 555 2771 (tue
564 2705 706 2772 signantem.
718 2703 783 2767 Quo
792 2703 904 2775 digitum
946 2706 1010 2758 teria
1023 2706 1139 2759 studium
1155 2708 1205 2759 fuit
1218 2709 1266 2774 iis,
1279 2710 1325 2780 qui
1339 2709 1452 2762 sollicite

397 2783 501 2852 signent
511 2781 559 2852 qui
571 2781 710 2852 obsignare
718 2785 868 2836 consuevit:
879 2798 906 2837 et
945 2786 1086 2848 curabant,
1101 2805 1137 2840 ne
1149 2785 1267 2857 pondere
1280 2789 1386 2842 fortusse
1396 2807 1454 2860 grn-

396 2880 410 2912 s
424 2860 524 2913 ceteris
531 2858 708 2932 distinguent,
723 2863 770 2932 qui
786 2864 907 2934 pluribus
947 2865 1020 2918 viore
1036 2864 1219 2919 decidentibus
1238 2867 1323 2920 anulis
1343 2886 1454 2938 gemm·

397 2951 549 2992 onerantur.
562 2939 652 2993 ilino.
864 2939 867 2950 '
946 2961 1006 2995 casu
1022 2945 1316 3016 frangerentur.lisno.
1366 2996 1368 3001 .

350 3037 358 3050 ·
437 3019 484 3074 33.
500 3019 617 3072 Conditus
631 3020 680 3071 ille.
692 3021 723 3072 Iu
739 3039 807 3075 arca.
821 3021 855 3076 Η.
987 3023 1034 3075 38.
1052 3024 1287 3094 Tutiusgemmarum
1298 3027 1455 3079 sollicitudini

438 3099 485 3161 34.
499 3099 536 3150 Et
548 3100 646 3168 injuria.
658 3098 692 3151 Et
705 3101 780 3171 quasi
789 3101 824 3153 sit
837 3101 905 3174 inju-
942 3113 1045 3171 putant:
1052 3105 1093 3156 Ne
1104 3103 1288 3159 decidentibus
1299 3124 1355 3177 pre
1367 3107 1453 3159 nimio

396 3177 448 3242 rie,
460 3176 533 3249 quod
547 3197 601 3232 nou
616 3179 720 3231 ornatui
737 3192 849 3247 tantuna,
858 3181 905 3234 sed
945 3180 1064 3251 pondere
1073 3182 1158 3236 anulis
1167 3185 1208 3236 vel
1218 3185 1323 3237 surivel
1333 3202 1454 3255 gemmae,

396 3270 423 3309 et
445 3258 506 3311 usui
526 3256 672 3310 destinatus
694 3257 742 3323 sit,
759 3259 838 3313 vilior
851 3264 905 3331 jans
945 3279 1047 3332 gemina
1062 3263 1202 3316 amittatur.
1217 3265 1284 3316 Du..

397 3347 452 3388 turn
468 3337 589 3390 habetur.
603 3337 693 3389 niun.
986 3340 1031 3409 39.
1048 3344 1102 3395 Ata·
1114 3343 1159 3394 sud
1175 3347 1282 3412 gemmis.
1301 3343 1339 3395 Ut
1352 3342 1453 3396 llenni·

436 3413 545 3470 didam
556 3418 607 3469 alii.
620 3416 792 3470 Profusiorea.
801 3419 840 3472 Ut
849 3418 903 3485 ille,
944 3419 1004 3485 bal,
1026 3420 1061 3474 de
1081 3441 1136 3492 quo
1158 3418 1240 3492 paulo
1258 3435 1319 3474 ante
1337 3423 1455 3476 diximus

395 3492 492 3564 dequo
502 3496 644 3562 Martialis,
653 3497 736 3557 fluv,
751 3497 843 3569 Epigr.
857 3517 903 3564 ιι,
944 3517 1003 3571 sup.
1016 3519 1074 3571 cap.
1087 3501 1177 3553 Hsno.

394 3574 469 3643 cujus
493 3573 607 3628 disticho
627 3577 710 3648 priori
733 3577 812 3630 allato
830 3578 903 3632 bunc
986 3585 1030 3641 40.
1056 3579 1165 3632 Cludaat
1186 3584 1249 3632 sieut
1270 3580 1453 3634 Demosthenes.

393 3650 576 3718 plenissimum
606 3653 764 3708 adulationis
796 3675 902 3710 versum
944 3659 1018 3712 Sicut
1030 3669 1056 3710 et
1067 3659 1199 3723 Annibal,
1213 3671 1239 3713 et
1252 3658 1455 3732 edituuanpi·

393 3725 489 3784 deinde
509 3733 662 3803 subjungit:
679 3760 690 3782 ·
706 3735 803 3788 Multos
815 3738 843 3788 in
863 3736 903 3789 di·
944 3739 1001 3790 tolii
1012 3755 1089 3807 supra
1106 3739 1157 3792 hoc
1172 3738 1230 3810 ipso
1244 3740 1337 3810 capite.
1350 3743 1453 3794 Dirae.

391 3807 466 3877 gitis,
487 3811 577 3882 plures
603 3812 630 3864 in
652 3813 768 3867 carmine
786 3834 902 3886 gemmas
943 3849 983 3860 -
996 3817 1117 3883 cludunt,
1130 3821 1193 3870 sieut
1206 3817 1382 3871 Demosthenes.
1394 3819 1454 3873 lloc

392 3886 531 3953 invenies,
544 3903 594 3944 etc.
613 3917 624 3938 ι
634 3892 732 3968 ,Ηιιιιι
944 3908 999 3960 est,
1012 3895 1164 3950 includunt.
1178 3897 1268 3951 Refert
1277 3899 1328 3952 hoc
1341 3917 1452 3969 quoqne

431 3968 478 4020 36.
493 3970 560 4022 Atta
574 3969 657 4040 pluras
678 3991 747 4044 quam
768 3991 840 4024 unum
858 3993 901 4042 pe·
944 3974 1103 4027 Plutarchus
1111 3976 1138 4028 in
1150 3976 1336 4041 Demosthene,
1346 3979 1453 4049 ptos,

389 4047 646 4102 retransmeant
659 4063 745 4104 estete
754 4053 898 4122 graviores,
944 4071 977 4105 ex
992 4053 1174 4107 Eratosthene.
1193 4057 1333 4109 Pausanias
1345 4057 1373 4108 in
1386 4057 1455 4108 Atti·

389 4123 429 4176 vel
443 4126 520 4180 etiarn
534 4127 610 4181 molis
623 4129 760 4199 amplioris
771 4149 897 4200 gemmas.
942 4133 992 4198 cia,
1005 4133 1051 4186 lib.
1066 4133 1097 4198 1,
1108 4153 1136 4204 p.
1154 4141 1198 4199 ¹4·
1214 4135 1304 4191 tirio.
