3100 5125
348 475 438 591 ress
618 514 849 589 cruitur
874 514 979 587 unt.
1005 514 1132 587 rust.

343 652 524 727 candidius.
543 655 653 725 Pretio
671 654 760 749 ejus,
783 678 813 721 x.
833 678 867 723 x.
892 652 925 721 in
946 637 1083 739 libras⁸3
1100 648 1251 740 caerulei,
1271 678 1303 723 x.
1330 676 1406 726 vrrr.

310 784 324 819 ²
343 764 433 833 Usus
450 763 486 829 in
503 758 631 847 creta⁹‚
647 759 746 831 calcis
763 760 948 854 impatiens.
967 760 1083 853 Nuper
1099 760 1235 829 accessit
1247 774 1281 828 ct
1291 762 1407 831 Vesto

270 954 275 962 ἱ
318 922 322 930 .
343 869 472 936 rianum
483 865 508 891 ¹⁰
525 866 568 936 ab
583 881 718 937 auctore
730 863 942 961 appellatum.
961 866 1013 933 Fit
1024 889 1065 933 ex
1077 865 1220 961 AEgyptii
1240 864 1407 939 levissima

341 988 437 1068 parte
454 998 462 1041 ε
481 974 624 1070 pretinm
646 971 719 1065 ejus
740 996 773 1041 x.
797 996 830 1041 x.
852 972 886 1039 in
907 968 1046 1041 libras¹¹.
1065 970 1158 1039 Idem
1180 985 1213 1042 et
1234 971 1406 1043 Puteolani

342 1103 424 1180 usus
429 1131 439 1163 ,
449 1092 634 1174 praeterque
641 1078 683 1147 ad
693 1077 853 1147 fenetras
866 1102 873 1145 :
889 1091 1012 1146 vocant
1025 1074 1169 1145 coelon¹².
1184 1079 1261 1148 Non
1276 1079 1405 1173 pridem

341 1186 510 1281 apportari
532 1199 565 1253 et
583 1184 735 1253 indicum
758 1198 809 1254 est
825 1198 989 1278 coeptum,
1006 1183 1101 1277 cujus
1118 1183 1261 1277 pretium
1280 1209 1315 1254 x.
1336 1208 1405 1255 vrrr

341 1292 377 1359 in
388 1276 528 1361 libras¹³.
537 1291 636 1360 Ratio
646 1291 681 1359 in
692 1292 824 1385 pictura
835 1288 878 1358 ad
890 1275 1094 1376 incisurss¹⁴,
1109 1288 1252 1376 horest,
1268 1292 1405 1361 umbras

341 1393 536 1467 dividendas
555 1396 599 1465 ab
619 1394 752 1466 lumine,
772 1398 834 1465 Est
855 1410 887 1465 et
908 1394 1101 1465 vilissimum
1122 1420 1227 1490 genus
1249 1394 1404 1485 lomenti,

342 1494 476 1598 quidam
488 1504 603 1573 tritum
615 1516 754 1589 vocant,
772 1502 882 1596 quinis
896 1502 1023 1571 assibus
1041 1502 1247 1571 aestitnatum.
1264 1503 1404 1573 Caerulei

342 1610 461 1679 sinceri
476 1611 738 1704 experimentum
756 1610 791 1677 in
809 1608 970 1693 carbone,
988 1622 1026 1678 ut
1037 1607 1178 1703 flagret:
1198 1608 1304 1701 imus,
1317 1609 1402 1681 viola

342 1715 434 1785 arida
454 1715 593 1787 decocta
601 1701 624 1740 ¹⁵
642 1716 678 1785 in
701 1738 805 1809 aqua,
825 1738 991 1809 succoque
1009 1708 1072 1809 per¹
1088 1712 1224 1784 linteum
1247 1740 1404 1811 expresso

383 1866 411 1918 8.
423 1864 507 1916 Pretio
525 1866 593 1935 ejas,
612 1863 651 1915 Χ.
665 1861 703 1915 Χ.
724 1865 751 1913 ia
767 1860 851 1917 libros.
895 1860 1012 1915 Vestorii
1026 1861 1135 1916 officina
1147 1880 1245 1917 noman
1254 1865 1356 1919 fictum.
1370 1872 1405 1924 H.

343 1937 403 1999 Ho'c
414 1956 467 2009 est,
479 1938 588 1997 vdenarii
604 1941 705 1996 decern.
720 1940 800 1995 Prius
814 1940 852 1995 le·
939 1958 983 1995 ιι.
993 1940 1102 1994 Pretium
1116 1943 1214 2012 ejurX.
1228 1944 1266 1997 X.
1284 1949 1310 1997 ia
1320 1946 1404 2003 tum.

344 2025 467 2095 gebatur,
496 2048 509 2071 ι
523 2022 611 2076 Pretia
628 2023 686 2092 ejus
706 2020 802 2075 xxm
826 2019 855 2073 iu
895 2020 1025 2075 Denariua
1040 2038 1109 2075 unns
1126 2022 1155 2074 iu
1177 2022 1277 2077 librans
1292 2038 1406 2081 monete

343 2104 445 2157 libras:
467 2100 572 2156 cerulei
592 2102 727 2165 xvu1,·
746 2118 799 2172 pro
814 2100 852 2153 Χ.
894 2100 994 2172 gallica
1015 2118 1082 2155 arses
1104 2112 1175 2155 octo.
1193 2101 1270 2156 Prius
1291 2105 1349 2176 typi
1367 2106 1406 2161 sic

258 2163 261 2176 ⁵
314 2188 316 2192 '
346 2183 425 2249 Vm,
439 2180 854 2247 horeat,denariiaorto.H.·-·
895 2178 1026 2245 edebant,
1040 2180 1095 2233 LX
1104 2181 1325 2237 indimflanu.

345 2263 384 2315 Χ.
393 2264 432 2316 Χ.
445 2266 471 2314 iu
481 2262 564 2314 librar.
573 2262 650 2315 Brut.
662 2260 700 2313 Χ.
713 2260 766 2323 XI,
778 2256 857 2313 deua-
940 2276 984 2313 ta.
998 2260 1093 2313 Vocant
1105 2262 1189 2315 culon.
1204 2260 1281 2317 MSS.
1299 2264 1362 2337 lltg.
1379 2284 1406 2329 a,

345 2342 380 2395 rii
396 2340 537 2404 undecim,
549 2340 597 2412 qui
610 2352 672 2394 sunt
681 2352 795 2392 monetat
803 2338 858 2409 pal·
896 2338 956 2402 alii,
967 2340 1046 2411 ayllon
1057 2352 1154 2394 uocant.
1164 2342 1255 2396 lino.
1265 2342 1406 2398 -Coeiota

346 2422 405 2476 licat
419 2421 497 2475 libra
513 2422 541 2485 8,
553 2438 615 2473 curu
630 2419 731 2473 ruitur
745 2436 792 2473 rr.
804 2420 856 2471 Eo.
896 2418 970 2473 Brut.
982 2418 1118 2485 emendat,
1156 2438 1228 2475 oron.
1242 2422 1295 2476 Eu.

388 2502 622 2572 9.·Usuriuereto,
637 2499 855 2570 mleuimpctieur.
941 2499 985 2553 13.
1003 2415 1167 2654 Pariani..
1190 2501 1259 2556 Vll!
1276 2506 1301 2553 ia
1322 2501 1405 2557 libror.

346 2583 474 2635 ’rectorio
493 2593 607 2644 cereta,
622 2597 676 2632 non
696 2579 760 2631 item
779 2579 859 2632 ecel·
898 2579 1007 2632 Deuarfi
1021 2593 1093 2646 octo,
1104 2597 1130 2634 m
1168 2593 1216 2635 eta
1227 2583 1406 2637 nostrulibre

347 2679 391 2723 ee,
406 2659 550 2716 ceruleum
572 2655 713 2712 commode
736 2657 858 2712 illinitur.
899 2660 928 2723 6,
939 2677 1000 2712 curn
1017 2655 1218 2730 iassibueAEu.

232 2809 237 2818 ι
348 2741 437 2795 flauo.
943 2745 986 2802 ti.
1010 2741 1056 2792 Aa
1071 2744 1196 2795 incisurus.
1214 2742 1406 2798 Commissum

393 2840 434 2874 ro.
457 2820 633 2871 Vestorium.
651 2819 692 2871 lta
703 2819 767 2889 lleg.
787 2831 859 2882 siet
898 2818 956 2888 ipse
969 2820 1102 2891 appellat,
1120 2821 1236 2886 XXXV,
1253 2839 1299 2888 rt,
1314 2823 1361 2876 ubi
1373 2823 1405 2878 de

348 2901 403 2952 alii.
423 2899 500 2952 Prius
523 2898 694 2951 Nestorium
712 2897 857 2970 legebatur.
898 2897 1010 2967 picturas
1036 2911 1113 2952 arte:
1140 2899 1286 2955 «Tandem
1311 2919 1340 2954 se
1364 2921 1406 2957 ars

349 2982 385 3033 At
410 2979 517 3032 vitruv.
532 2977 606 3040 vll,
632 2995 676 3042 rr,
695 2995 755 3049 pag.
783 2984 857 3041 rii:
898 2977 954 3048 ipra
976 2977 1111 3044 distinxit,
1139 2992 1165 3033 et
1186 2981 1288 3034 invenit
1315 2982 1405 3036 lumen

353 3085 365 3106 ι
382 3058 496 3113 Cerulei
517 3058 722 3127 temperationes
746 3058 858 3110 Alexam·
898 3069 977 3127 atque
997 3059 1103 3112 umbrae
1117 3058 1268 3115 differentia
1286 3061 1405 3116 colorum

350 3138 414 3193 driu
421 3139 538 3211 primurn
548 3150 609 3191 eunt
618 3137 733 3190 invecta
747 3157 753 3186 z
767 3151 859 3208 postea
898 3136 998 3189 alterna
1011 3137 1070 3191 rice
1080 3156 1136 3191 sese
1149 3140 1286 3195 excitante.
1304 3141 1406 3196 Deinde

350 3217 419 3272 idem
441 3216 580 3270 Vestorius
603 3216 720 3270 Puteolis
744 3216 859 3270 instituit
898 3213 1016 3286 adjectus
1043 3231 1081 3271 est
1106 3219 1248 3290 splendor,
1272 3221 1340 3274 aliua
1362 3221 1407 3276 hie

350 3297 509 3353 faciendum.
523 3321 534 3343 ι
550 3293 668 3350 Isidorus
684 3297 748 3348 item
765 3296 858 3389 Origp.
898 3312 978 3365 quam
1004 3297 1109 3358 lumem
1138 3315 1218 3369 quem
1249 3300 1311 3370 quia
1338 3302 1406 3356 inter

350 3379 433 3442 XIX,
452 3393 512 3446 17:
538 3376 692 3430 ·Venetnrn
716 3375 858 3429 ceruleum
899 3373 953 3428 lroc
966 3387 993 3428 et
1006 3376 1129 3430 umbram
1144 3389 1224 3444 earet,
1240 3380 1406 3451 appellavere

350 3471 500 3528 temperare
511 3456 629 3524 primum
641 3455 802 3509 Alexandria
817 3473 859 3509 re·
899 3467 983 3509 tonon
1006 3473 1013 3508 s
1043 3457 1227 3510 commissuras
1247 3477 1310 3512 vero
1336 3462 1406 3515 eoto·

349 3537 429 3610 perit.
451 3537 483 3587 ln
503 3535 577 3587 ltalia
596 3553 629 3588 ex
644 3552 730 3588 amun
748 3535 859 3606 pulvere
898 3551 958 3586 rum
986 3548 1014 3589 et
1044 3533 1186 3602 molitus,
1215 3535 1400 3610 hurningen..

350 3629 378 3671 et
396 3615 461 3670 uitri
475 3613 541 3667 llore
553 3614 625 3668 idem
642 3613 751 3668 iaciunts
767 3613 821 3668 Sed
836 3615 858 3667 si
900 3611 974 3678 Quid
985 3615 1056 3668 euim
1069 3616 1239 3670 commissura
1247 3631 1275 3672 et
1285 3620 1407 3672 moritus

350 3696 482 3767 Cyprium
495 3694 523 3746 in
542 3694 649 3747 iornaoe
661 3693 784 3748 adustum
796 3694 859 3748 huic
899 3693 1036 3758 colorum,
1051 3711 1130 3765 quam
1143 3695 1252 3749 luminis
1264 3700 1405 3761 etumbras,

349 3773 519 3849 permixtioui
536 3771 634 3838 addes,
650 3773 802 3828 Vestoriani
824 3773 858 3826 ei·
898 3789 958 3843 quar
978 3791 1010 3826 ea
1030 3775 1164 3828 varietate·
1180 3775 1302 3830 colorum
1321 3778 1406 3842 ilum,

350 3853 475 3909 mssitudc
498 3854 578 3906 erit.»
600 3853 753 3907 Vestorium
780 3869 858 3906 euum
898 3850 1014 3906 dirisiol
1029 3851 1061 3905 ld
1081 3854 1129 3924 qui
1150 3871 1182 3906 ex
1204 3867 1260 3910 arte
1274 3855 1404 3922 efficiunt,

348 3936 444 3989 Cicero
464 3951 519 3986 uon
540 3933 622 3985 semel
636 3944 714 3986 vocat
728 3930 763 3985 ad
779 3931 856 3986 Attio.
897 3931 970 4002 apud
984 3949 1033 3985 noe
1044 3930 1183 3995 dicuntur,
1199 3937 1313 3988 armndlr
1324 3935 1407 4005 arefi-

347 4017 396 4074 tv,
416 4014 493 4084 epist.
509 4024 744 4076 arrr,etavr;er
758 4011 856 4076 V1‚a.
896 4012 1407 4089 gateduidourerdoruiiospartmye,
1527 4043 1532 4052 .

347 4092 426 4166 Apud
436 4093 543 4146 Gruter.
559 4092 587 4143 in
600 4092 683 4146 Inscr-
695 4108 757 4163 pag.
773 4091 827 4154 245
842 4108 851 4144 t
897 4087 939 4144 des
946 4093 1016 4160 joam
1027 4103 1051 4143 et
1065 4092 1107 4145 der
1122 4093 1221 4148 oraim.
1234 4095 1324 4148 llrnn.

347 4193 421 4228 rrcra
433 4189 622 4227 narrarem.
641 4167 720 4224 Haud
739 4167 821 4224 dubie
835 4188 851 4222 a
939 4171 984 4224 15.
994 4171 1083 4238 Fraus,
1093 4173 1160 4226 viole
1173 4173 1243 4227 anua
1253 4173 1360 4230 decocto.
1370 4175 1407 4228 Ut
