3100 5125
486 518 642 585 LIBER
670 521 735 586 XX
750 519 853 585 xlv,
1133 515 1202 598 adi

146 646 255 741 quiis'‚
268 663 328 717 aut
340 647 507 742 sulphuris
518 649 644 742 specie,
658 664 692 718 et
701 663 788 718 terra
801 634 944 719 carens³.
958 636 1123 716 Lavatur⁴
1133 649 1203 718 hec

145 753 353 822 inmortariis
367 755 519 822 minutim
538 753 662 839 fracta,
682 754 790 824 donec
808 778 894 848 aqua
913 752 1038 822 luteum
1058 751 1201 822 colorem

145 859 266 941 trahat,
279 874 314 928 et
326 859 568 929 transfunditur
582 862 616 928 in
630 884 687 929 vas
700 885 838 955 purum,
850 860 950 954 idque
959 861 1087 954 saepius,
1100 884 1203 954 usque

145 965 220 1033 dum
243 966 411 1048 subsidat,
431 965 521 1059 quod
536 964 742 1036 utilissimum
760 981 833 1036 est:
849 966 1047 1060 eosdemque
1065 965 1204 1034 ollactus

146 1071 263 1150 babet,
291 1096 376 1165 quos
403 1070 594 1166 plumbum,
617 1072 674 1141 sed
704 1057 876 1142 acriores⁵.
905 1073 1019 1140 Mirari
1042 1074 1206 1142 succurrit

145 1178 379 1270 experientiam
400 1178 475 1247 vitae
487 1229 497 1262 ,
509 1202 552 1246 ne
569 1177 650 1248 faece
667 1178 801 1272 quidem
826 1203 956 1260 rerum,
974 1192 1204 1250 excremento·

145 1307 282 1376 rumque
303 1283 450 1353 foeditate
468 1284 628 1352 intentata
650 1298 701 1353 tot
722 1284 837 1358 modis.
892 1321 894 1324 v

189 1391 272 1488 LII.
294 1392 346 1458 Fit
366 1405 401 1458 et
421 1388 574 1483 spodium
592 1415 631 1458 ex
648 1389 785 1484 plumbo
808 1389 923 1460 eodem
941 1389 1064 1473 modo,
1084 1415 1150 1484 quo
1165 1416 1205 1462 ex
1228 1424 1237 1456 ι

146 1496 268 1588 Cyprio
278 1493 523 1564 arediximus¹.
540 1499 688 1564 Lavatur
702 1498 736 1564 in
754 1494 862 1565 linteis
877 1497 959 1566 raris
971 1519 1056 1590 aqua
1068 1495 1206 1578 caelesti,

146 1615 383 1695 separaturque
392 1615 560 1670 terrenum
575 1601 809 1688 transfusione,
819 1602 1065 1695 cribratumque
1076 1604 1204 1670 teritur.

146 1707 290 1793 Quidam
311 1704 481 1802 pulverem
499 1709 616 1802 pennis
632 1707 803 1802 detergere
825 1707 971 1794 malunt,
993 1733 1032 1778 ac
1053 1722 1157 1776 terere
1174 1711 1206 1778 iu

145 1812 221 1882 vino
241 1814 392 1884 odorato.

197 1922 292 1989 Llll.
318 1923 379 1989 Est
400 1933 434 1988 et
448 1918 671 2012 molybdaeua¹
688 1944 786 2014 quam
806 1918 870 1988 alio
888 1918 962 1989 loco
980 1918 1130 2014 galenam
1149 1945 1205 1991 vo·
1230 1950 1239 1982 ι

146 2027 304 2109 cavimus,
317 2050 401 2093 vena
413 2027 542 2120 argenti
556 2025 747 2119 plumbique
762 2027 957 2094 communis.
973 2024 1108 2094 Meliou'
1120 2026 1208 2110 baec,

147 2147 269 2226 quanto
291 2133 397 2225 magis
413 2133 504 2199 aurei
523 2130 661 2218 coloris,
679 2145 869 2226 quantoque
889 2133 997 2200 minus
1019 2130 1210 2225 plumbosa‚

147 2236 299 2319 friabilis,
313 2252 347 2305 et
362 2236 492 2306 modice
512 2238 630 2330 gravis.
651 2241 756 2306 Cocta
773 2262 849 2306 curn
869 2236 960 2314 oleo,
975 2237 1130 2329 jocineris
1147 2261 1207 2306 co«

148 2343 248 2413 lor-em
268 2343 379 2412 trahit.
396 2339 599 2412 Adbaerescit
613 2357 646 2412 et
660 2345 744 2426 auri,
753 2357 787 2412 et
804 2344 932 2436 argenti
953 2341 1161 2412 fornacibus:
1175 2357 1209 2422 et

147 2451 231 2520 hanc
255 2446 455 2525 metallicam,
478 2463 608 2526 vocant.
635 2433 896 2518 laudatissima³
918 2472 991 2541 quae
1015 2450 1048 2516 in
1076 2448 1208 2542 Zephy-

148 2650 329 2722 molybdaem‚
351 2666 469 2711 cerussa,
488 2648 522 2701 cf.
538 2649 602 2701 Exc.
617 2648 657 2700 IV
738 2646 798 2699 LII.
819 2664 845 2700 ι.
864 2644 984 2698 Diximus.
993 2645 1059 2715 Cup.
1076 2646 1122 2709 dd.
1137 2644 1167 2697 II.

148 2731 180 2784 ed
192 2732 293 2784 onlnem
307 2730 366 2799 bui.
375 2729 422 2781 lib.
438 2730 490 2781 En.
739 2725 813 2777 LIII.
827 2742 852 2777 r.
873 2724 922 2779 Est
939 2738 963 2777 et
979 2722 1137 2797 molybdaena.
1151 2724 1208 2794 Ap·

190 2831 216 2863 s.
237 2810 295 2862 Sine
312 2808 408 2877 plumbi
428 2807 542 2878 reliquiis.
568 2800 655 2862 Maiis
698 2803 1126 2876 pellationemolybdoeuaeaurtor
1140 2822 1210 2857 oom-

147 2892 238 2957 ἔχουσα
251 2883 423 2959 μολιβδῶδις,
444 2886 511 2938 nibil
522 2885 657 2957 plumbosi
699 2881 843 2955 prehendit
853 2896 908 2936 tum
917 2902 1011 2937 venam
1020 2895 1130 2955 argento
1140 2900 1212 2937 eorn-

148 2970 257 3032 habens‚
268 2969 357 3020 Diose.
369 2963 477 3020 locicir.
487 2966 577 3017 Henn.
699 2980 825 3027 munem,
839 2975 866 3015 et
879 2964 1000 3035 plumbo,
1015 2975 1072 3019 tum
1088 2963 1210 3034 plumba-

188 3050 216 3102 3.
225 3046 354 3118 Srdpluris
362 3049 446 3117 specie,
458 3057 483 3097 et
495 3057 656 3096 terreamus.
699 3043 771 3095 rium
786 3041 915 3113 lapidem,
931 3056 987 3097 tum
999 3042 1077 3097 etiam
1088 3043 1211 3113 plumba·

148 3125 555 3200 ApndDioso.d1ppulropavlr,
572 3142 674 3196 cerus-1
698 3124 765 3175 riam
775 3140 892 3175 arenam.
906 3124 976 3181 Dur.
992 3154 1030 3165 ·-
1045 3118 1210 3174 uerteretur

149 3227 183 3260 rra
198 3207 296 3277 speeie.
312 3206 396 3276 Magis
414 3222 510 3275 sequor
521 3204 658 3268 Plinium,
700 3215 726 3254 et
752 3197 917 3272 pallidiora.
942 3202 1023 3256 latine
1052 3201 1207 3272 plumbago.

150 3288 196 3354 qui
217 3286 282 3357 legit
293 3285 418 3355 direptui<
434 3280 560 3337 :numid
576 3282 658 3353 magis
700 3282 829 3335 Galeriam
851 3282 972 3353 superius
992 3280 1149 3353 appellavit,
1163 3280 1208 3333 lib.

150 3366 273 3419 convenit
293 3384 354 3418 cum
373 3360 522 3435 pallendum
539 3361 657 3433 optime,
699 3360 833 3425 XXXIII,
848 3361 893 3414 31.
907 3360 996 3414 Iliun.

151 3446 247 3508 deuse,
269 3445 356 3498 fractu
373 3456 531 3506 contumax,
547 3460 658 3495 cerussa
742 3458 767 3492 a.
778 3440 874 3492 Melior.
883 3439 1008 3493 'l'otidem
1019 3438 1107 3493 verbis
1118 3438 1208 3491 Diorc.

150 3543 260 3595 prorsus
267 3524 378 3589 similis,
392 3522 460 3575 nibil
477 3522 597 3593 plumbei
611 3520 659 3574 ba«
701 3520 737 3582 V,
754 3537 825 3571 roo:
843 3514 1009 3573 Μολὺῧδιινα
1027 3515 1057 3573 dl
1071 3519 1145 3589 &plen
1158 3518 1208 3579 tete

150 3605 230 3667 bens,
242 3604 316 3656 luteo
325 3603 381 3655 fere
391 3602 481 3657 oolore
489 3639 498 3665 ‚
506 3601 569 3659 vitri
577 3598 658 3658 modo
699 3600 715 3657 tl
732 3602 949 3669 λιθαργυροφανής,
968 3599 1039 3662 ξανθὴ
1049 3638 1057 3664 ,
1069 3596 1212 3658 burcii-dru-

151 3682 300 3754 spleudida.
311 3683 379 3741 Dar..
701 3697 749 3739 aa,
770 3681 813 3731 aul
829 3679 900 3749 κιῤῥὰ
916 3680 940 3733 Ie
958 3686 994 3750 τῷ
1010 3675 1211 3747 λιιοτριίιῖσθαι..

192 3764 345 3825 Μιναίαν.
360 3760 402 3815 Ad
418 3761 529 3814 verbum
541 3761 597 3813 brer
612 3778 658 3829 ps«
701 3758 817 3828 ίψπιθιῑσά
841 3779 869 3810 τι
897 3759 972 3828 ltuip.
993 3754 1147 3816 dnarrrrdir
1175 3762 1211 3824 τῷ

151 3844 215 3895 riter
231 3842 320 3894 DIosc.
334 3842 388 3894 loc.
404 3841 449 3895 cit.
460 3840 551 3895 Hsnu.
700 3837 816 3908 χρώματι
838 3838 979 3907 γίνεται...
1001 3838 1120 3889 Parsirai
1137 3829 1167 3886 dl
1187 3834 1212 3897 ἑξ

192 3922 218 3974 5.
230 3921 282 3975 Sed
294 3925 406 3974 acriores.
423 3920 555 3987 Quoniam
575 3918 659 3990 magis
703 3918 805 3987 ἀργύρου
816 3918 858 3969 καὶ
867 3922 963 3987 χρυσοῦ.
979 3916 1071 3968 Hrnn.

153 3998 439 4073 adstringitz'ddenaur
457 3996 487 4053 dl
502 4003 537 4052 τὰ
546 3998 659 4068 αὺτὰτῷ
745 3995 771 4048 d.
804 3996 990 4049 Laudatissima.
1018 3993 1140 4047 Alterum
1160 3991 1213 4044 boc

152 4083 292 4150 erumpite
301 4077 422 4151 μολῖὂδῳ,
433 4080 543 4148 <ipsura
558 4082 658 4148 μᾶλλον.
704 4094 787 4147 genus
796 4094 851 4129 erse
862 4075 970 4138 indicat,
982 4092 1032 4126 nec
1040 4072 1215 4134 metallicum,

153 4160 274 4213 Dioscor.
285 4160 338 4212 loc.
355 4160 401 4212 eit.
412 4158 500 4211 Iliam
705 4168 734 4215 ut
753 4155 844 4226 prius,
862 4154 907 4215 sed
926 4153 1071 4217 factitium,
1086 4152 1138 4205 boc
1158 4165 1223 4219 est„

1053 4250 1120 4323 llil
