3100 5125
486 579 645 647 LIBER
670 579 851 649 XXXIV.
1121 603 1186 648 nor

110 710 197 779 lecit
209 713 362 780 Mortem
376 726 411 780 et
430 713 654 801 Mercurium,
669 715 725 806 qui
747 727 825 782 sunt
842 715 877 780 in
896 711 1094 781 Concordiae
1111 728 1192 782 tem·

15 826 17 895 ,'
109 814 168 910 plo
193 819 330 886 Romoe.
353 803 530 887 Perillum⁶
556 845 655 889 nemo
678 819 791 889 laudat
824 819 994 888 saeviorem
1016 817 1191 889 Phalaride

14 907 15 931 ¹
111 936 287 1014 tyranno,
322 926 377 992 cui
403 938 535 992 taurum
566 925 664 1010 fecit,
693 927 837 1021 mugitus
863 924 1005 992 hominis
1025 923 1191 1019 pollicitus

110 1029 191 1121 igne
207 1029 368 1114 subdito,
384 1045 418 1098 et
431 1032 557 1123 primus
574 1057 650 1099 eum
665 1047 820 1126 expertus
838 1032 1034 1116 cruciatum,
1052 1031 1190 1123 justiore

112 1137 258 1203 saevitia.
268 1139 308 1204 ln
319 1135 605 1206 hocasimulucris
616 1137 714 1205 deum
723 1136 1189 1230 hominumquedevocuveret

112 1239 393 1310 humanissimam
412 1256 526 1310 artem.
545 1243 669 1312 ldeone
684 1258 734 1312 tot
749 1243 935 1313 conditores
954 1241 1023 1336 ejus
1041 1241 1187 1312 elabora·

12 1354 13 1447 J
113 1361 256 1431 verant,
274 1362 313 1416 ut
330 1372 371 1416 ex
386 1372 424 1416 ea
445 1363 609 1417 tormenta
632 1349 773 1418 fierent?
793 1353 908 1442 Itaque
937 1372 1002 1415 una
1024 1348 1064 1416 de
1088 1373 1187 1418 causa

114 1468 298 1521 servantur
331 1478 434 1548 opera
469 1455 560 1548 ejus,
582 1469 620 1524 ut
652 1458 800 1550 quisquis
832 1453 885 1524 illa
914 1454 1042 1538 videat,
1080 1454 1188 1524 oderit

114 1581 252 1626 manus.

165 1664 322 1733 Sthenis⁷
345 1667 521 1753 Cererem,
539 1671 674 1751 Jovem,
696 1671 882 1737 Minervam
905 1666 997 1752 lecit,
1025 1668 1082 1759 qui
1110 1680 1187 1735 suut
1204 1689 1238 1747 4ο

116 1771 239 1838 Rornae
258 1773 293 1839 in
316 1771 511 1842 Concordiae
536 1773 669 1868 templo.
697 1775 789 1845 ldem
812 1775 926 1842 llentcs
949 1787 1133 1852 matronas,
1151 1788 1185 1841 et
1270 1779 1271 1784 ’

117 1875 318 1964 adorantes,
348 1878 644 1973 sacrificantesque.
675 1865 811 1949 Simon⁸
842 1903 957 1948 canem
990 1893 1024 1947 ct
1052 1880 1183 1972 sagitte·

115 1983 202 2050 rium
220 1982 311 2051 fecit.
331 1984 558 2058 Stratonicus⁹
581 1984 713 2055 caelutor
731 1986 784 2054 illc
802 1984 1043 2079 philosophos:
1061 1987 1185 2078 Scopas

116 2087 297 2181 utraque¹⁰.

167 2193 320 2263 Athletas
338 2210 466 2282 autem,
489 2211 520 2265 et
546 2212 711 2280 armatos,
739 2213 773 2266 ct
793 2211 983 2280 venatores,
1003 2196 1186 2265 sacrificau-

116 2313 253 2393 tesque,
269 2299 440 2388 Button¹¹,
457 2303 598 2389 Euchir,
619 2302 817 2388 Glaucides,
847 2301 1066 2387 Heliodorus,
1091 2303 1184 2370 Hica·

156 2479 182 2527 6.
203 2474 330 2527 Perillam,
347 2477 463 2545 Πιρῦαον
479 2476 566 2530 Greci
584 2495 630 2529 ro·
718 2495 760 2529 ιο.
778 2476 869 2546 Scopas
885 2487 993 2546 utruque.
1017 2474 1076 2526 Hoc
1091 2487 1142 2538 est,
1158 2488 1185 2528 ct

118 2568 186 2609 eunt.
209 2552 282 2608 Vide
309 2553 421 2610 Diodor.
446 2556 474 2608 in
501 2557 628 2627 Excerpt.
671 2555 800 2618 Simonis,
818 2568 843 2609 et
859 2555 1098 2623 Stratonici‘opcru
1114 2553 1184 2609 fudit

119 2652 176 2703 pag.
193 2634 228 2698 34
233 2634 259 2687 5.
271 2633 441 2687 Atheniensis
454 2636 513 2688 fuit.
528 2636 628 2690 Cetera
671 2654 703 2688 ex
715 2654 774 2687 ere.
788 2636 868 2687 Recte
879 2634 1009 2687 Barbarus
1024 2634 1051 2685 iu
1063 2633 1184 2688 secundis

119 2710 151 2766 de
161 2732 194 2766 eo
210 2713 325 2784 vulgate.
337 2712 408 2767 Vide
420 2715 480 2767 val.
494 2716 564 2768 Max.
577 2716 628 2780 lx,
671 2714 887 2785 conligationibus
908 2715 943 2765 ita
966 2711 1105 2778 emendat,
1131 2732 1182 2785 pro

122 2812 180 2863 ²,p.
190 2800 256 2861 4²9·
267 2792 348 2846 ovid.
359 2791 393 2845 dc
402 2794 469 2847 Arte
480 2792 595 2856 emundi,
604 2796 627 2858 1,
671 2807 778 2866 uterque.
790 2794 880 2846 Hero.

119 2890 142 2923 v.
163 2872 239 2926 655:
262 2899 274 2919 ι
293 2874 327 2925 Et
342 2873 458 2926 Phalaris
479 2886 555 2926 tuuro
571 2876 628 2926 ric·
714 2892 758 2927 11.
768 2862 1089 2941 BattouAErirrquixup,
1102 2875 1184 2926 Athe·

119 2950 182 3005 lenti
195 2953 313 3005 membra
333 2952 422 3005 Perilli
435 2954 567 3005 Torruit:
585 2954 628 3005 iu·
670 2953 768 3006 niensis
781 2953 935 3013 statuerius,
952 2951 1180 3024 EubulideF.up.

119 3030 178 3083 felix
200 3032 300 3085 imbuit
314 3045 407 3085 auctor
425 3051 501 3103 opur.
524 3058 536 3079 ι
557 3034 628 3085 Con·
670 3032 781 3085 Peucen.
792 3030 887 3085 Arcud.
897 3032 973 3095 Vlll,
985 3050 1012 3101 p.
1025 3037 1090 3100 479.
1103 3038 1183 3085 Γλαυ-

119 3111 214 3163 tulere
229 3112 300 3165 hunc
314 3130 394 3181 porro
411 3110 446 3164 de
461 3123 539 3165 tauro
554 3130 628 3166 teneo
670 3108 755 3175 κίδης,
777 3112 822 3184 qui
838 3124 864 3165 et
878 3113 999 3171 Γλαυκίας
1013 3110 1091 3163 lictor
1109 3112 1183 3182 AEgt·

120 3190 232 3256 lamam,
250 3191 399 3261 fabulisque
414 3209 567 3254 accensere,
582 3210 627 3243 co·
669 3205 739 3258 netu,
749 3191 821 3260 apud
829 3190 963 3250 eumdem,
973 3189 1054 3242 Eliae.
1062 3191 1182 3261 postvl,

119 3282 208 3323 nutum
233 3269 270 3323 eit
295 3270 427 3323 Timteum
454 3271 626 3335 historicum,
669 3290 728 3342 pag.
757 3272 813 3324 360
835 3290 874 3342 sq.
897 3258 1056 3338 littidupue,
1082 3261 1183 3335 ἱκανὸς,

119 3348 284 3420 Polybiueiu
295 3350 419 3421 Excerpt.
431 3369 491 3421 pag.
505 3351 553 3420 59.
566 3350 599 3402 il.
670 3354 772 3419 Adpetis,
790 3352 876 3403 Λύσων
891 3350 937 3420 qui
950 3348 1028 3419 δημὸν
1040 3388 1047 3414 ,
1061 3348 1112 3400 hoc
1125 3361 1182 3413 ert,

159 3449 185 3499 7.
210 3430 316 3481 Sthentr.
351 3432 431 3492 Σθένις
465 3431 627 3499 Autolycum
670 3430 801 3501 populum
819 3430 1007 3483 Atheniensem
1021 3428 1119 3480 tinxit:
1138 3448 1185 3481 ru·

119 3506 186 3560 fudit
206 3527 238 3560 ex
264 3528 331 3573 ure,
354 3528 415 3562 eum
440 3511 486 3581 qui
510 3510 627 3579 Sinopen
670 3522 727 3561 ctor
747 3509 1003 3573 Pausaniamnuic.
1018 3509 1050 3571 l,
1073 3526 1132 3579 peg.
1155 3513 1182 3563 6.

120 3587 256 3652 condidit,
271 3607 286 3641 r
301 3589 414 3642 Lucullo
425 3591 537 3641 Romam
550 3588 628 3641 adve-
670 3590 754 3652 hier,
773 3584 918 3659 Mtuddepcc
936 3588 1119 3653 Atheniensis,
1136 3589 1182 3659 qui

119 3678 200 3719 ctum
213 3669 298 3721 Testis
309 3668 441 3722 Plutarch.
457 3670 485 3721 in
499 3669 625 3728 Lucullo,
671 3667 834 3737 Cupidinem
843 3668 1183 3737 lecit'l'hespienrem,terte

118 3764 146 3815 p.
162 3750 224 3799 506.
239 3748 275 3799 Et
286 3766 300 3798 a
314 3749 440 3801 Pecunia
452 3748 585 3806 laudatur.
597 3760 627 3800 ut
670 3747 778 3809 eodem,
788 3747 871 3800 Boent.
882 3747 932 3810 IX,
944 3766 1003 3818 pag.
1020 3749 1087 3801 581.
1099 3746 1182 3799 Mule-

118 3842 196 3895 rupra
210 3825 334 3880 diximus.
349 3825 440 3880 lirun.
669 3847 724 3899 γρος
742 3828 828 3897 patria
847 3828 977 3881 Phoceus.
998 3838 1027 3878 ut
1043 3824 1183 3877 Vitruvius

158 3908 186 3958 8.
205 3906 298 3958 Simon.
323 3907 365 3958 De
384 3908 492 3960 Simone
506 3909 627 3978 AEginetr
670 3906 763 3977 prodit
783 3908 811 3959 in
832 3907 907 3977 pref.
929 3906 987 3969 111,
1011 3924 1038 3974 p.
1061 3903 1107 3971 37,
1128 3922 1182 3955 non

119 3984 222 4049 lictore,
248 3986 360 4039 Peucen.
383 3986 465 4039 Eliac.
491 3989 575 4058 prior.
589 3988 627 4051 V,
672 3988 777 4039 minore
791 3986 897 4057 iugenio
914 3984 1084 4053 solertiaque,
1103 3998 1181 4052 quum

119 4082 146 4132 p.
159 4062 226 4125 341.
238 4064 329 4118 Hero.
672 4066 832 4135 Polycletus.
842 4066 1015 4134 Πολυκράτης,
1025 4056 1181 4132 Πολύδωρος,

156 4160 183 4209 9.
191 4142 343 4197 Stratonicus
353 4147 461 4200 celator.
473 4148 534 4201 Jem
548 4166 628 4217 supra
672 4146 829 4215 Πυθόκριτος,
840 4144 874 4198 de
890 4164 945 4216 quo
965 4161 1043 4212 cupre
1059 4162 1064 4192 :
1082 4146 1182 4209 Πρωτο-

120 4222 274 4292 appellatus.
292 4225 382 4320 liupo.
672 4229 758 4296 γίνης,
773 4223 808 4277 de
824 4243 877 4295 quo
892 4223 1006 4287 XXXV,
1025 4222 1069 4275 36.
1084 4226 1183 4291 Πατρο-
