3100 5125
358 581 429 628 soa
628 560 668 632 C.
694 559 862 629 PLINll
887 557 996 627 NAT.
1022 560 1150 626 HIST.

358 715 440 774 nus,
469 690 632 784 Lophon,
657 693 793 784 Lyson,
823 693 941 772 leon,
970 689 1200 772 Metrodorum
1231 691 1427 784 Myiagrus,

359 795 566 890 Polycrates,
584 794 787 888 Polydorus,
814 797 1039 889 Pythocritus,
1062 793 1314 890 Protogenes¹²,
1334 796 1426 864 idem

359 904 490 997 pictura
506 902 767 988 clarissimus,ut
783 903 930 972 dicemus
947 901 1155 984 :Patrocles,
1171 900 1425 986 Polis,Posido-

360 1011 434 1078 nius
443 1061 453 1093 ,
463 1011 520 1102 qui
535 1023 568 1077 et
579 1024 754 1139 arpentum
767 1009 897 1078 celavit
911 1007 1076 1091 nobiliter,
1087 1009 1221 1077 natione
1239 1007 1402 1101 Ephesius
1417 1032 1425 1074 ι

359 1113 613 1207 Periclymenus¹
631 1108 1428 1202 ,Philon,Simenus,Timotheus,lbeomnestus,

359 1220 605 1307 Timarchides,
625 1222 761 1305 Timon,
776 1224 898 1308 Tisias,
913 1221 1073 1290 Thrason.

307 1345 339 1402 tr
412 1329 464 1396 Ex
479 1327 635 1396 omnibus
646 1342 755 1396 autem
768 1330 909 1396 maxime
922 1329 1121 1422 cognomine
1131 1325 1267 1420 insignis
1282 1339 1332 1394 est
1344 1323 1425 1394 Cal·

360 1431 522 1502 limachus
536 1421 572 1520 ¹⁴,
599 1457 729 1527 semper
755 1433 975 1503 calumniator
995 1435 1066 1515 sui,
1096 1456 1156 1502 nec
1175 1431 1274 1500 linem
1296 1431 1426 1500 habens

360 1537 555 1633 diligentiae,
576 1540 620 1607 ob
637 1539 671 1608 id
685 1540 946 1609 Cacizotechnos
956 1525 979 1563 ¹⁵
1000 1538 1200 1634 appellatus,
1219 1535 1427 1608 memorabili

359 1643 511 1739 exemplo
524 1644 701 1715 adhibendi
716 1669 805 1716 curae
819 1645 967 1715 modum.
982 1645 1090 1738 Hujus
1106 1657 1183 1712 sunt
1194 1643 1351 1712 saltantes
1366 1646 1428 1711 La·

360 1773 475 1834 caenae,
488 1751 699 1820 emendatum
718 1777 802 1846 opus
808 1737 844 1840 ¹⁶,
860 1752 965 1821 sedin
979 1777 1045 1846 quo
1063 1751 1208 1846 gratiam.
1221 1774 1355 1819 omnem
1371 1749 1425 1818 di·

360 1855 492 1949 ligentia
516 1856 699 1926 abstulerit.
725 1861 824 1928 Hune
846 1858 979 1952 qnidam
1001 1873 1035 1928 et
1059 1859 1221 1952 pictorem
1241 1856 1340 1925 fuisse
1359 1869 1425 1923 tra·

359 1961 453 2031 dunt.
472 1965 549 2032 Non
558 1989 623 2032 aere
632 1979 767 2058 captus,
776 1991 840 2036 nec
850 1979 922 2034 arte
932 2019 942 2051 ,
954 1989 1053 2032 unam
1066 1962 1274 2038 solummodo
1284 1960 1426 2030 Zenonis

361 2082 502 2136 statuam
527 2072 651 2163 Cypria
674 2071 708 2138 in
729 2069 970 2165 expeditione¹⁷
986 2094 1053 2138 non
1074 2067 1223 2138 vendidit
1241 2071 1346 2150 Cato,
1370 2065 1427 2135 sed

360 2294 477 2354 ancille
491 2293 710 2357 Crotoniata,de
723 2314 778 2366 quo
791 2296 869 2348 Paus.
959 2303 1002 2358 sl.
1031 2293 1204 2348 Callimachus.
1237 2293 1322 2364 liujus
1343 2311 1425 2364 opera

359 2373 443 2427 Elius.
463 2388 530 2445 post.
542 2375 596 2436 vl,
612 2391 673 2443 pap.
693 2373 759 2444 379.
776 2376 869 2438 Πόλις,
916 2375 1054 2428 Pausanias
1067 2387 1201 2436 recenset,
1212 2372 1296 2426 Attio.
1310 2374 1332 2433 1,
1346 2390 1375 2442 p.
1391 2371 1424 2426 23

360 2453 421 2524 qni,
434 2467 465 2506 ut
477 2453 589 2523 opinor,
604 2453 807 2506 architecturam
824 2473 871 2524 pa·
915 2468 943 2508 st
962 2459 1009 2518 48.
1023 2455 1116 2508 Hsnn.

360 2533 426 2587 riter
440 2531 741 2604 siereuit,seripsitque
750 2532 784 2586 de
796 2533 872 2605 Sym·
959 2533 1003 2589 1⁵.
1020 2533 1215 2587 menesatem.
1234 2532 1427 2599 Κωζότιχνος,

360 2613 461 2665 metriis
473 2614 614 2674 volumen,
624 2624 689 2665 teste
701 2613 832 2667 Vitruvio
843 2615 871 2669 iss
916 2629 947 2669 nt
957 2628 984 2667 et
994 2614 1134 2667 Pausanias
1144 2612 1194 2677 sit,
1205 2612 1285 2665 satie.
1299 2614 1323 2674 1.
1335 2628 1364 2681 p.
1380 2616 1427 2675 48.

362 2692 436 2761 prael.
449 2694 520 2757 Vll,
534 2709 594 2762 psg.
611 2691 675 2745 1²5.
688 2689 872 2758 Ποσειδώνιος,
918 2694 1078 2749 chteclnos
1089 2692 1233 2745 Vitruvius
1245 2690 1314 2745 dixit
1328 2692 1380 2755 lv,
1399 2710 1425 2743 r.

360 2773 533 2841 Πιρυιλὺμινος
555 2785 582 2821 et
604 2772 680 2822 Φίλων
702 2773 782 2825 ambo
802 2773 872 2825 inter
917 2778 948 2827 In
970 2774 1001 2825 li.
1015 2794 1031 2826 s
1050 2772 1111 2829 eod.
1125 2772 1340 2826 Cumtaadesinon
1351 2810 1358 2834 ,
1380 2790 1426 2823 aa·

360 2848 613 2903 statuariosnobiles
626 2848 871 2905 laudatiaTstiano
915 2855 1081 2921 narniis-azias
1093 2891 1101 2918 ‚
1115 2849 1188 2923 quod
1204 2862 1287 2903 artem
1305 2868 1426 2903 corrum-

360 2929 390 2982 in
403 2928 453 2981 Or.
474 2941 570 2982 contra
586 2928 710 2995 Grecos,
729 2948 791 3001 pag.
805 2932 870 2987 res.
915 2952 979 3005 pere
1001 2931 1147 2997 videretur,
1172 2930 1254 2983 nimia
1279 2928 1426 2999 diligentia.

359 3006 871 3078 Tspltsse,dequoPsusass.Corintla.Il,
915 3014 1012 3067 Similis
1030 3014 1093 3067 huie
1106 3014 1165 3074 iste,
1186 3008 1221 3063 de
1237 3027 1292 3080 quo
1305 3009 1428 3081 superins

359 3106 389 3157 p.
406 3090 471 3151 146.
479 3090 623 3157 Θιόμνιιςος
631 3088 774 3145 Sardianus
784 3091 870 3157 lictor,
914 3093 966 3147 boc
976 3094 1033 3163 ipso
1040 3109 1100 3162 cap.
1110 3119 1123 3141 ι
1131 3088 1343 3160 diligentissimus
1351 3088 1426 3150 artis,

360 3168 441 3220 Ellw·
462 3180 531 3237 9⁰⁸⁸·
543 3168 596 3228 Vl,
613 3187 673 3239 με.
693 3169 761 3239 371.
775 3178 870 3241 upap-
915 3186 941 3226 et
953 3173 1077 3226 inimicus
1088 3173 1130 3225 sui
1139 3167 1220 3243 judex
1230 3204 1239 3232 ‚
1249 3181 1298 3221 etc.
1315 3194 1325 3214 ι
1341 3169 1375 3221 Η.

359 3242 432 3314 pilas
447 3246 617 3301 Atheniensis
627 3250 774 3312 statuarius,
787 3251 870 3304 Phoc.
958 3250 1133 3306 insultantes
1145 3252 1270 3313 lacoenoe,
1278 3248 1427 3299 emendatas·

360 3326 395 3389 X,
408 3346 437 3396 p.
449 3328 516 3395 678.
530 3327 625 3397 Tipasa.
637 3329 738 3393 Τισίας,
747 3331 869 3400 Θράσων,
915 3352 981 3402 opus.
995 3332 1092 3402 Aptius
1106 3332 1203 3402 tegitur
1219 3328 1426 3392 commendatum,

359 3408 434 3476 cujus
449 3424 530 3475 opera
540 3405 636 3460 vidisse
646 3426 673 3460 se
686 3408 784 3461 Strabo
794 3422 871 3463 testa·
915 3430 995 3484 qnam
1015 3412 1177 3469 emutilatum,
1199 3408 1287 3478 inquit
1307 3406 1424 3460 Pintisn.

359 3485 569 3557 tur,XIV,psg.
586 3490 652 3549 641.
666 3489 758 3541 iissn.
914 3491 993 3545 Haud
1008 3510 1073 3562 ego,
1091 3490 1134 3542 vel
1154 3490 1190 3542 ob
1206 3506 1287 3539 unum
1305 3486 1426 3539 Petronii

403 3583 447 3617 rs.
467 3565 614 3634 Protogene
629 3569 692 3619 idem
707 3572 804 3638 pletura
819 3570 870 3621 ela·
914 3571 1001 3625 bourn
1014 3566 1425 3641 :ahteriqussdplieatmsomm

360 3645 871 3717 sissimlixquisitusvossianaswiesu·
913 3642 1427 3704 lieremomnihussimnlacrisemenda·

360 3724 562 3786 reela-issima,
582 3738 611 3778 ut
627 3727 678 3780 lib.
693 3728 809 3791 xm,
827 3734 867 3790 d:
914 3730 1019 3783 tiorem.
1040 3755 1051 3777 ι
1072 3728 1124 3783 Sed
1146 3739 1174 3781 et
1195 3744 1274 3796 supra
1300 3724 1426 3777 Plinius:

363 3826 376 3851 ι
386 3803 462 3857 Fabii
477 3804 628 3859 clarissimas
642 3806 737 3875 gentis.
748 3832 760 3854 ι
775 3807 868 3860 Gnos.
917 3835 927 3857 ι
946 3808 1080 3880 Capillum
1095 3824 1201 3880 quoque
1216 3818 1242 3859 et
1255 3806 1353 3875 pubem
1369 3822 1427 3856 uon

403 3881 448 3935 ri.
477 3884 662 3955 Periclymenus.
689 3886 762 3938 Male
792 3886 868 3941 MSS.
913 3887 1078 3941 emendatius
1090 3887 1189 3942 iecisse.
1205 3912 1217 3934 »
1232 3885 1322 3938 Geor.

361 3962 441 4034 Βοῦς.
461 3977 488 4016 et
508 3960 591 4015 editio
605 3964 743 4035 princeps,
760 3966 868 4017 Pericle·
957 3986 998 4038 17.
1014 3968 1107 4040 Cypria
1119 3972 1145 4020 in
1158 3966 1315 4037 expeditione.
1328 3964 1368 4015 De
1380 3960 1427 4014 illa

360 4059 413 4094 nse.
427 4042 473 4093 tm
489 4042 704 4111 Periclymenus,
716 4045 780 4116 qui,
803 4058 868 4099 testa
913 4046 1098 4117 expeditione,
1116 4046 1292 4114 unctioneque
1310 4040 1428 4111 supelle-

360 4120 704 4183 Tatiauo,ieoitmalierem
713 4124 819 4193 triginta
828 4126 871 4177 in·
913 4126 983 4179 etilis
1006 4127 1098 4197 regio,
1117 4124 1179 4178 vide
1202 4122 1372 4176 Plutarchum
1396 4120 1426 4172 in

360 4198 443 4252 lantes
457 4218 512 4252 uno
527 4201 829 4270 permenixmjsoe.
914 4206 1016 4261 Catone
1036 4207 1148 4259 minore.
1169 4206 1272 4259 Danae.
1292 4232 1331 4245 -
1352 4199 1427 4253 Calo.
