3100 5125
493 553 652 620 arnan
677 552 886 620 xxxvii.
1155 549 1221 648 587

161 702 194 756 et
207 709 277 755 esse
294 685 440 754 concreti
457 685 557 752 maris
568 697 824 776 purgamentum
840 681 985 751 :incolas
1005 707 1066 778 pro
1078 680 1167 780 ligno
1182 685 1224 753 ad

160 795 269 887 ignem
288 794 335 859 uti
350 815 406 874 eo,
425 791 649 884 proximisque
662 791 821 858 Teutonis
843 787 994 858 vendere.
1017 790 1100 858 Huic
1119 805 1152 858 et
1170 793 1223 859 Ti·
1243 801 1260 850 6

159 922 261 966 maeus
280 895 439 981 credidit,
456 895 513 964 sed
531 893 669 963 insulam
689 894 840 963 Basiliam
856 887 1033 964 vocavit²⁵.
1053 894 1226 965 Philemon

159 1004 205 1072 ait
214 991 238 1030 ²⁶
252 1003 418 1072 flammam
433 1002 476 1069 ab
497 1000 620 1070 electro
631 999 734 1068 reddi.
752 1000 864 1069 Nicias
883 1000 958 1070 solis
973 1001 1140 1070 radiorum
1158 1028 1226 1072 suc·

155 1133 235 1177 cum
258 1108 394 1203 intelligi
413 1106 525 1176 voluit.
559 1110 628 1176 Hos
646 1107 734 1175 circa
754 1131 910 1204 occasum
929 1108 1033 1176 credit
1048 1109 1225 1178 vehemen-

159 1216 261 1283 tiores
292 1216 326 1282 in
356 1229 478 1282 terram
508 1227 617 1296 actos,
642 1214 799 1307 pinguem
828 1214 981 1282 sudorem
1005 1215 1045 1281 in
1067 1238 1105 1283 ea
1131 1230 1225 1310 parte

159 1322 288 1388 Oceani
314 1319 519 1413 relinquere,
543 1318 661 1388 deinde
692 1319 891 1387 aestatibus¹⁷
916 1321 948 1387 in
973 1321 1223 1390 ¹Germanorum

158 1424 271 1494 littora
291 1426 377 1520 ejici.
401 1429 445 1494 Et
463 1427 497 1493 in
519 1419 662 1519 AEgypto
687 1425 775 1492 nasci
798 1423 892 1493 simili
911 1424 1031 1510 modo,
1060 1441 1093 1495 et
1113 1429 1225 1496 vocari

157 1531 246 1600 sacal
255 1521 301 1598 ²⁸:
321 1534 399 1599 item
415 1522 461 1599 'in
488 1530 599 1612 India,
622 1531 812 1626 gratiusque
840 1530 937 1598 thure
963 1555 1033 1599 esse
1054 1531 1155 1600 Indis.
1185 1535 1225 1600 ln

157 1640 253 1730 Syria
267 1662 399 1730 quoque
418 1636 555 1705 feminas
569 1634 745 1705 verticillos
758 1637 783 1675 ²⁹
801 1636 877 1704 inde
901 1635 1009 1704 facere
1026 1659 1033 1704 ε
1051 1651 1084 1705 et
1106 1661 1225 1706 vocare

158 1729 350 1837 harpaga³⁰,
363 1746 440 1836 quia
451 1742 528 1812 folia
540 1756 573 1810 et
590 1742 711 1836 paleas,
722 1744 930 1835 vestiumque
945 1742 1091 1810 fimbrias
1108 1745 1223 1837 rapiat.

156 1835 427 1919 Theochrestus³¹
441 1851 578 1918 Oceano
592 1849 624 1916 id
638 1861 837 1916 exaestuante
851 1847 892 1916 ad
905 1849 1050 1940 Pyrenen
1067 1874 1221 1943 promon·
1241 1881 1257 1932 7

158 1957 246 2023 toria
273 1956 368 2048 ejici:
387 1954 476 2048 quod
495 1969 529 2024 et
546 1958 751 2024 Xenocrates
776 1953 935 2036 credidit,
960 1957 1017 2046 qui
1037 1953 1078 2022 de
1099 1957 1137 2024 iis
1157 1980 1223 2023 nu-

156 2064 301 2154 perrime
319 2063 457 2156 scripsit.
474 2061 563 2129 Vivit
581 2059 690 2128 adhuc
711 2060 892 2143 detrahas,
909 2061 967 2153 qui
984 2059 1120 2129 tradidit
1132 2061 1226 2152 juxta

159 2166 361 2236 Atlanticum
392 2191 483 2235 mare
509 2191 581 2236 esse
606 2165 714 2234 lacum
738 2165 955 2260 Cephisiada,
985 2191 1084 2258 quem
1113 2167 1223 2234 Mauri

157 2289 281 2341 vocant
304 2272 481 2343 Electrum.
515 2276 613 2340 Hunc
639 2271 707 2340 sole
734 2271 952 2340 excalfactum
986 2296 1003 2339 e
1038 2271 1117 2341 limo
1144 2272 1224 2341 dare

156 2377 316 2447 electrum
336 2380 479 2448 fluitans.
495 2364 680 2447 Mnaseas³²
703 2377 822 2445 Africae
842 2375 951 2445 locum
966 2377 1139 2470 Sicyonem
1162 2403 1225 2472 ap-

156 2469 297 2579 pellat³³‚
309 2500 341 2554 et
356 2485 493 2555 Crathin
508 2509 638 2552 amnem
655 2485 688 2550 in
704 2486 875 2552 Oceanum
890 2482 1079 2552 effluentem
1101 2508 1119 2551 e
1136 2483 1228 2570 lacu,

155 2593 281 2686 inquo
304 2617 397 2678 aves,
423 2616 506 2685 quas
525 2590 742 2685 meleagridas
760 2604 795 2658 et
817 2574 1026 2683 penelopas³⁴
1048 2604 1170 2659 vocat:
1193 2603 1228 2661 et

200 2755 244 2808 25.
260 2755 378 2808 Basiliam
397 2759 500 2807 vacavit.
527 2755 569 2807 Sic
590 2754 684 2807 MSS*
712 2753 1228 2823 seuropturemtonat.Exscripsithunc

157 2852 264 2898 omnes,
283 2853 336 2887 non
346 2835 464 2887 Badiam.
476 2834 520 2887 Sic
538 2835 667 2905 Pytheas,
713 2832 802 2885 locum
822 2830 958 2895 Isidorus,
974 2832 1049 2901 Orig.
1075 2832 1132 2886 lib..
1143 2835 1227 2900 XVI,

156 2914 205 2967 lib.
218 2915 268 2977 IV,
281 2933 339 2984 cap.
353 2932 397 2983 ²7·
409 2912 499 2973 Hanc.
713 2930 772 2982 cap.
788 2915 814 2967 8.
826 2911 915 2963 Hanc.

201 2998 247 3045 26.
261 2996 313 3045 Aa.
324 2994 442 3047 Gron.et
453 2992 495 3045 Al.
509 3004 571 3045 ante
584 2991 668 3045 llard.
754 2992 800 3045 31.
831 2992 1008 3044 Tteoctmaa.
1032 2992 1076 3043 Sic
1099 2992 1164 3061 neg.
1184 3011 1198 3044 a
1216 3030 1226 3057 ‚

156 3078 263 3142 negavit.
280 3075 332 3126 En.
713 3070 791 3124 Colb.
810 3070 841 3133 3,
862 3071 968 3142 aliique.
999 3069 1041 3122 sic
1068 3070 1119 3122 loci
1146 3071 1228 3141 hujus

200 3171 246 3221 ²7·
267 3153 380 3205 AEatibas
406 3148 416 3214 (
430 3151 467 3203 sic
484 3151 559 3221 prius
571 3148 591 3214 ).
606 3152 667 3203 Non
712 3149 804 3203 Index.
816 3150 893 3215 Non,
907 3162 934 3202 nt
943 3148 1026 3213 editi,
1040 3150 1227 3220 Theophrastus.

157 3250 267 3303 prorsus
298 3233 399 3304 absque
424 3231 527 3285 ratione
556 3230 669 3301 legitor,
716 3230 810 3281 Hann.

158 3310 290 3363 astatiiau.
304 3314 479 3382 compertum
498 3308 570 3363 enim
585 3323 623 3363 est
640 3310 668 3362 in
753 3310 800 3362 32.
814 3308 936 3361 Mnaseas.
951 3308 995 3363 Sic
1010 3309 1087 3363 MSS.
1103 3309 1224 3382 proxime

158 3392 284 3444 Arvernis
298 3392 416 3445 bitumen
431 3410 446 3443 c
459 3390 534 3441 fonte
547 3408 596 3442 suo
612 3408 667 3442 non
712 3387 812 3441 laudati
826 3409 832 3439 ι
852 3388 890 3441 sic
911 3385 1004 3442 Index.
1017 3390 1048 3441 ln
1059 3388 1135 3443 editis
1145 3390 1228 3453 male,

157 3471 210 3523 nisi
221 3484 308 3523 aestate
317 3471 450 3523 scaturire.
461 3470 529 3521 Dar..
713 3467 833 3519 Mnasias.
844 3467 935 3520 liano.

201 3554 246 3605 28.
256 3552 383 3602 Eteocari
390 3550 466 3601 sacal.
479 3549 580 3618 Lingua
592 3550 670 3618 AEgy·
754 3546 801 3600 33.
817 3547 942 3616 Appellat.
961 3546 1047 3601 Gron.
1063 3561 1089 3601 et
1107 3548 1152 3600 Al.
1166 3558 1227 3600 ante

157 3629 258 3700 ptinca,
283 3650 337 3682 non
351 3628 470 3682 Hebraea.
487 3627 521 3680 ll.
534 3626 667 3679 -Sacai
712 3624 796 3679 Hard.
812 3628 965 3696 appellatam.
979 3627 1028 3678 En.

157 3709 203 3762 Ob
211 3708 414 3763 similitudinem
425 3706 535 3780 lapidis,
547 3706 593 3778 qui
601 3707 671 3759 sacal
746 3707 793 3769 34.
803 3706 980 3776 Etpanalapas.
992 3706 1146 3770 linuitonat,
1158 3722 1225 3775 quas

156 3788 286 3843 aJudnis
301 3788 388 3842 adbuc
401 3788 507 3843 dicitur.
525 3788 608 3839 Bnor.
713 3804 773 3837 aves
790 3784 839 3856 qni
864 3804 919 3837 non
936 3784 1077 3848 viderunt,
1092 3783 1228 3855 aquaticas

200 3887 246 3937 ²9.
264 3868 409 3921 Verticiiim.
422 3866 555 3920 Verticilli
570 3866 668 3918 instru·
713 3883 779 3929 csse,
795 3864 970 3936 anatibusqna
981 3863 1079 3915 similes
1087 3862 1229 3917 commini-

156 3960 247 4001 menta
274 3962 348 4014 sunt,
370 3966 429 4018 quae
457 3949 515 4001 fuso
540 3944 668 3997 adhiben-
712 3957 833 3997 sciamur.
848 3942 1044 4010 H.-Me!eagr.
1056 3954 1080 3993 et
1090 3942 1228 4013 penelopas.

157 4040 220 4090 tur,
233 4041 263 4081 ot
274 4028 375 4081 facilius
386 4040 511 4079 vertatur.
523 4024 614 4078 liano.
713 4024 766 4075 llas
782 4021 815 4075 ad
830 4042 913 4094 genus
930 4022 987 4075 arii
1002 4021 1136 4087 referunt,
1153 4021 1232 4095 quod·
1265 4017 1267 4023 ’

199 4108 243 4159 So.
255 4109 292 4159 Et
301 4109 515 4177 vacantiarpaga.
523 4104 667 4159 Succinum
711 4103 797 4155 nostri
809 4115 905 4155 vocant
915 4100 1026 4172 putatia.
1037 4100 1078 4155 Cl.
1090 4120 1168 4173 supra
1180 4102 1231 4157 lib.

157 4184 290 4239 videlicet.
312 4178 400 4255 ipsa(
417 4186 517 4239 Graecia
526 4200 666 4255 rapaoem,
713 4182 751 4245 Χ,
768 4198 828 4252 cap.
847 4182 891 4235 Sa.
904 4182 956 4235 En.
