3100 5125
324 489 395 562 286
596 493 637 561 o.
662 492 833 564 Pntrttt
858 493 962 564 nm.
987 457 1114 564 msa.

321 626 406 696 libus
425 625 515 721 apud
533 625 667 717 Trojam
697 638 882 719 pugnatum
906 613 1179 696 continebantur⁴
1208 629 1385 724 imagines:

323 732 411 801 unde
433 748 466 802 et
486 755 609 800 nomen
628 729 774 799 habuere
805 717 1020 825 clypeorum⁵
1043 757 1051 800 :
1075 726 1143 802 non
1164 746 1202 802 ut
1229 759 1387 830 perversa

322 839 613 933 grammaticorum
628 834 790 906 subtilitas
808 836 930 923 voluit,
948 824 1148 908 acluendo⁶.
1169 841 1274 935 Origo
1287 839 1387 935 plena

323 946 472 1029 virtutis,
499 943 616 1014 faciem
635 942 728 1012 reddi
746 944 780 1010 in
801 957 896 1012 scuto
916 942 1089 1038 cujusque,
1111 945 1167 1038 qui
1188 945 1288 1016 fuerit
1307 971 1386 1018 usus

323 1049 390 1120 illo.
415 1051 506 1118 Poeui
536 1074 576 1117 ex
606 1072 689 1117 auro
713 1047 904 1118 factitavere
927 1062 961 1116 et
985 1047 1135 1143 clypeos,
1154 1064 1189 1122 et
1208 1053 1385 1146 imagines,

225 1203 233 1217 .
287 1180 302 1214 ²
322 1181 500 1249 secumque
514 1156 547 1222 in
565 1155 680 1224 castris
695 1152 809 1222 tulere.
830 1156 928 1223 Certe
951 1177 989 1225 ca
1014 1155 1055 1226 tis
1076 1157 1122 1228 eis
1141 1156 1239 1228 talem
1257 1158 1386 1228 Asdru-

255 1291 259 1301 ·
322 1262 405 1333 balis
431 1262 557 1330 invenit
581 1258 756 1346 Marcius⁷,
783 1259 975 1354 Scipionum
1026 1262 1060 1330 in
1091 1261 1249 1357 Hispania
1278 1261 1385 1334 ultor:

305 1370 414 1463 isque
434 1366 568 1461 clypeus
588 1389 688 1460 supra
712 1365 800 1435 fores
813 1363 1020 1460 ¹Capitolinas
1043 1364 1121 1436 aedis
1142 1393 1246 1462 usque
1267 1368 1309 1440 ad
1330 1371 1386 1438 in-

322 1471 475 1546 cendium
487 1469 650 1567 primum⁹
666 1471 738 1542 tuit.
754 1469 922 1564 Majorum
936 1471 1067 1566 quidem
1083 1489 1274 1544 nostrorum
1293 1489 1388 1546 tanta

364 1695 391 1752 4.
403 1688 593 1742 continebantur
600 1690 724 1754 imagines
732 1684 831 1749 Quales
873 1683 999 1749 dicimus,
1012 1697 1038 1738 et
1050 1705 1189 1740 maxumus
1203 1699 1246 1740 :et
1257 1689 1386 1758 optimus,

322 1770 350 1822 in
364 1769 477 1822 Achillia
488 1768 583 1840 clypeo
593 1767 627 1817 ab
641 1763 758 1817 Homero
768 1783 832 1835 pro-
873 1776 900 1817 et
913 1779 1038 1838 optumus
1053 1783 1123 1819 :neo
1136 1778 1222 1820 tamen
1240 1767 1292 1820 ulla
1306 1767 1386 1822 dine·

321 1847 580 1910 lixedescribuntur,
590 1845 660 1907 Ibi,
670 1863 695 1897 v.
709 1845 829 1915 478eqq.
873 1845 958 1896 rectia
975 1845 1143 1898 secernimus.
1156 1870 1167 1892 ι
1183 1847 1273 1900 Haeo.

323 1929 359 1982 Et
370 1928 398 1980 iu
411 1929 501 1981 AEnen
514 1939 587 1980 scuto
604 1923 734 1987 similiter,
746 1941 763 1975 ι
775 1922 833 1976 Ma·
916 1926 943 1977 6.
964 1923 991 1974 A
1003 1923 1110 1976 citando.
1125 1921 1156 1976 ld
1167 1937 1218 1990 est,
1232 1924 1386 1998 pugnando.

322 2025 403 2070 roae,
416 2009 476 2061 AEu.
490 2007 569 2060 vttr.
581 2003 633 2056 Vel
643 2004 732 2073 potius
744 2001 832 2072 imago
875 1999 941 2056 Inde
955 2001 985 2055 fir
1000 2003 1136 2076 clypeere,
1149 2021 1265 2066 armare,
1284 2017 1310 2058 et
1325 2018 1386 2060 tan·

323 2087 411 2139 vultus
420 2089 484 2156 ejus,
494 2087 569 2156 cujas
580 2095 636 2136 erat
647 2095 762 2147 scutum,
771 2081 832 2134 tbo-
875 2100 953 2152 quam
968 2081 1063 2152 clypeo
1077 2095 1182 2154 tegere,
1197 2097 1261 2137 utet
1274 2087 1385 2155 paleare.

323 2160 832 2237 raceteuusdepictas'I'rebelliusPol-
875 2161 1004 2214 Pacuvius
1021 2159 1049 2212 iu
1069 2160 1213 2215 Hermione
1236 2162 1307 2236 apud
1330 2165 1386 2218 No·

322 2245 371 2311 lio,
384 2246 411 2298 in
423 2242 536 2297 Claudio
548 2241 678 2306 Gothico,
687 2257 748 2310 pag.
762 2238 829 2292 203:
874 2239 981 2292 nium:«
991 2239 1108 2294 Currum
1117 2241 1214 2310 linquit
1224 2281 1231 2306 ,
1242 2243 1385 2314 chlamyde

326 2351 338 2373 ι
353 2325 396 2378 11Ιί
408 2325 518 2398 clypeus
528 2339 631 2384 sumus,
641 2321 697 2382 tel,
707 2331 833 2388 utgram-
874 2333 930 2371 astu
950 2333 1069 2373 contorta
1083 2321 1187 2392 clypeat
1207 2321 1354 2376 brachium.
1369 2348 1381 2372 ι

322 2401 832 2474 mariciloquuntur,clypeumaureum
874 2395 979 2450 Servius
1007 2410 1081 2470 putat
1110 2401 1159 2452 ἀπὸ
1187 2408 1229 2454 τοῦ
1256 2403 1385 2474 κλέπτειν,

323 2497 428 2538 senatus
447 2484 527 2536 totius
543 2478 661 2554 judicio,
679 2479 707 2530 in
721 2495 832 2530 romana
874 2475 949 2547 qnod
966 2489 1084 2548 tegerent
1097 2490 1122 2531 et
1141 2481 1256 2534 celarent
1271 2500 1385 2554 corpus,

322 2565 395 2619 curia
426 2564 585 2619 collocatum
613 2572 667 2624 est,
696 2568 726 2609 ut
752 2556 831 2615 etiam
874 2557 979 2629 clypeos
990 2554 1083 2611 dictos.
1100 2559 1166 2613 Dan.

321 2641 507 2697 nuncridetur
516 2663 522 2693 :
532 2658 653 2711 expressa
660 2638 766 2690 thorace
775 2637 833 2690 vul·
915 2656 941 2709 7.
955 2636 1070 2691 Marcius.
1081 2638 1112 2691 L.
1127 2638 1257 2705 Marcius,
1269 2638 1304 2693 de
1317 2660 1384 2714 quo,

321 2735 364 2777 tus
374 2726 431 2793 ejus
444 2722 540 2791 imago.
556 2745 566 2766 ι
585 2716 677 2770 Bran.
875 2715 919 2780 II,
940 2714 971 2783 3,
987 2714 1111 2769 diximus.
1129 2716 1187 2771 Hoc
1202 2720 1262 2773 loco
1279 2739 1385 2793 praeno-

364 2802 390 2856 5.
410 2802 480 2855 Unde
494 2812 518 2851 et
531 2817 612 2851 nornen
625 2796 726 2848 habram
736 2795 832 2867 clypeo·
875 2814 936 2847 uren
949 2794 1053 2849 codices
1072 2795 1145 2850 MSS.
1163 2817 1218 2850 non
1236 2798 1383 2853 exhibenti

322 2901 384 2937 rute.
399 2882 467 2935 Vutr
480 2880 589 2951 clypeos
603 2875 671 2939 dici,
685 2874 759 2947 quasi
774 2875 832 2941 gly·
873 2872 937 2927 editi
958 2876 1021 2928 libri
1040 2894 1180 2946 perperam
1200 2876 1296 2941 Quinti
1318 2898 1386 2952 pre·

317 2981 391 3031 pecs,
415 2961 465 3013 aaa
488 2966 532 3011 τοῦ
557 2956 670 3027 γλῦφιιν,
695 2950 772 3025 quod
794 2966 832 3006 est
873 2952 962 3006 linere.
974 2956 1015 3006 De
1027 2954 1077 3007 hoc
1088 2956 1118 3007 L.
1131 2956 1249 3023 Marcio,
1266 2956 1327 3009 tide
1338 2958 1385 3011 Li·

320 3042 456 3112 sculpere,
469 3036 541 3111 quod
553 3036 679 3089 celentur
692 3032 831 3101 insculptis
874 3034 962 3099 vium,
978 3034 1066 3097 XXV,
1079 3052 1105 3103 p.
1124 3040 1178 3105 ²76
1191 3054 1248 3107 sqq.
1265 3037 1310 3089 ubi
1328 3036 1385 3090 brec

322 3119 489 3193 imaginibus.
525 3116 659 3187 Sosipater
695 3110 831 3165 Charisius
872 3111 1328 3187 Livius:·Apudomnesmagnum
1337 3136 1386 3169 no·

321 3200 386 3253 lust.
407 3198 527 3253 Gramm.
542 3197 571 3259 l,
590 3212 648 3266 pag.
665 3194 701 3260 59
718 3208 725 3242 τ
743 3190 831 3261 ·-cty.
873 3210 934 3245 meu
949 3193 980 3243 L.
996 3192 1089 3245 Marcii
1103 3192 1178 3245 ducis
1190 3206 1228 3247 est
1239 3233 1263 3247 ..
1276 3214 1385 3249 ,monu-

320 3297 386 3350 peus
400 3276 543 3333 masculino
557 3291 653 3345 genere
664 3272 692 3323 iu
703 3270 831 3340 significa·
873 3285 1048 3343 mentumque
1059 3272 1178 3325 victorie
1188 3275 1243 3344 ejus
1253 3272 1287 3326 de
1297 3274 1384 3328 Poeuie
1400 3306 1402 3309 ·

320 3360 394 3411 tione
414 3357 483 3409 scuti
505 3354 626 3427 ponitur,
645 3362 675 3404 ut
695 3350 830 3402 Labienus
871 3350 1385 3423 usqueadincentumCapitoliumluisse

320 3436 371 3504 ait:
383 3449 477 3490 neutro
486 3446 574 3487 autem
583 3449 679 3503 genere
690 3428 830 3498 imaginem
871 3430 899 3482 in
918 3431 1017 3499 templo
1035 3432 1173 3503 clypeum,
1195 3433 1323 3486 Marcium
1338 3452 1384 3505 ap·

319 3512 582 3587 siguificat..l’linius
598 3510 680 3563 Dubii
694 3508 830 3562 Sermonis
871 3509 1014 3579 pellatam,
1030 3528 1091 3562 cum
1117 3510 1230 3581 imagine
1251 3510 1385 3567 Asdruba-

319 3594 451 3660 secundo,
472 3592 625 3646 indistincto
649 3606 747 3660 genere
775 3586 829 3640 dici
871 3588 911 3641 lit.
926 3614 936 3635 ·
951 3587 1042 3641 Hiran.

318 3676 370 3740 ait,
383 3673 429 3728 sed
442 3674 531 3727 littera
546 3670 654 3723 differre
667 3686 674 3720 :
687 3679 717 3721 ut
727 3684 829 3737 pugna·
912 3668 938 3720 8.
951 3666 1094 3737 Scipionum.
1110 3668 1220 3721 Cneiict
1229 3662 1325 3731 Publii,
1337 3670 1384 3743 qui

319 3756 416 3809 terium
425 3758 489 3827 peri
497 3752 611 3823 clipeum
622 3743 829 3817 dIcamus,quod
872 3732 995 3799 adversus
1013 3745 1186 3801 asdrubalem
1205 3748 1382 3815 decertantes,

318 3849 356 3888 est
369 3837 496 3905 aclepcre,
510 3829 537 3884 id
548 3828 699 3894 est,celare
710 3824 825 3878 dictum:
873 3824 899 3876 iu
911 3826 1035 3897 Hispania
1046 3826 1382 3895 obieruntvitlebivium,

318 3915 459 3985 imaginem
475 3931 538 3965 vero
559 3928 608 3979 per
622 3927 637 3958 tt
652 3907 792 3978 clupeum,
812 3923 828 3957 a
872 3904 961 3971 XXV,
976 3925 1035 3977 pag.
1056 3910 1110 3975 276
1121 3924 1128 3970 ;
1139 3906 1199 3958 Val.
1217 3907 1289 3960 Max.
1300 3908 1383 3973 VIII,

315 3995 423 4045 cluendo.
441 3990 492 4044 Sed
514 3990 571 4042 haec
594 3983 742 4039 differentia
760 3982 827 4035 mibi
874 3984 965 4049 15,u·
982 3982 1131 4037 11.thst

315 4071 438 4141 displicet
456 4082 566 4142 propter
587 4063 828 4117 commuuionemt'
911 4082 938 4131 9.
954 4063 1001 4116 Aa
1007 4064 1139 4115 incendium
1143 4068 1256 4135 primunr.
1268 4064 1383 4139 Syllanis

314 4163 343 4203 et
363 4168 380 4205 ts
396 4150 563 4204 litterarum:
578 4162 639 4198 uam
657 4156 684 4197 et
697 4142 826 4195 maximus
871 4142 1043 4213 temporibus,
1051 4144 1212 4210 bellocivili,
1221 4142 1382 4225 utdiximus,
