3100 5125
460 511 617 579 LIBER
642 505 821 580 XXXIV.
1105 507 1171 604 159

94 643 281 726 statuaria,
301 640 373 709 fuit.
389 641 457 709 Sed
469 628 622 720 haec¹¹³nd
641 641 808 710 inlinitum
828 637 974 708 effloruit
990 637 1171 709 multorum

95 746 314 816 voluminum
338 769 456 840 opere,
484 750 510 818 si
534 750 606 842 quis
630 746 728 842 plura
755 747 909 840 persequi
936 744 1016 844 ¹velit
1030 749 1171 816 :omnio

95 854 184 921 enim
203 855 284 946 quis
306 851 433 946 possiti

147 961 273 1027 XVII.
293 961 335 1026 ln
352 959 402 1028 M.
420 957 555 1027 Sonuri¹
576 958 730 1033 edilitate
749 959 813 1026 tria
833 955 931 1026 millia
955 957 1123 1050 signorum
1137 959 1172 1026 in
1192 986 1203 1018 ι

98 1087 197 1132 scena
222 1079 357 1133 tantum
379 1063 472 1133 litere
491 1067 692 1160 temporario
716 1064 847 1133 theatro
855 1061 875 1131 ².
899 1047 1098 1132 Mummius³
1113 1062 1171 1132 de·

98 1172 186 1238 ricta
202 1171 335 1239 Achaia
351 1168 491 1264 replevit
507 1171 659 1241 Urbem:
678 1173 749 1265 ipsc
767 1169 906 1238 excessit
922 1192 989 1237 non
1000 1167 1173 1238 relicturus

99 1273 172 1346 fit‘oe
198 1276 332 1347 dotem.
362 1277 435 1344 Cur
458 1278 546 1346 enim
575 1301 643 1348 non
671 1300 747 1347 cum
771 1276 982 1344 excusatione
1007 1273 1174 1368 ponatur?

142 1451 187 1504 13.
199 1451 354 1504 Sdlaecod
362 1450 495 1519 infinitum,
504 1466 554 1507 etc.
564 1454 621 1506 Sta·
663 1457 692 1506 tu
703 1471 796 1524 perce,
806 1471 888 1522 genus
897 1449 1026 1523 quiducis
1037 1451 1171 1524 Olympo:

102 1531 200 1591 tuaria,
218 1551 254 1584 ex
265 1529 430 1584 oreliano.
662 1533 766 1604 Projice
782 1532 833 1584 tels
854 1551 947 1593 monn,
971 1532 1074 1601 sanguis
1088 1551 1169 1584 meus.

139 1611 239 1663 xvn.
253 1627 276 1663 ι.
291 1609 433 1662 Μηνὶ.
447 1611 620 1665 Deeomnltn
662 1612 711 1664 Ille
734 1609 894 1681 triumphata
916 1609 1046 1681 Capitolia
1067 1609 1101 1664 od
1120 1613 1172 1664 sltn

104 1692 201 1743 hanon.
219 1688 288 1742 Ped.
302 1691 332 1742 in
347 1705 415 1744 orat.
430 1691 486 1744 Cic.
499 1710 551 1762 pro
563 1710 596 1744 eo
612 1709 619 1743 :
662 1689 793 1745 Corintho
807 1690 903 1744 Victor
916 1703 975 1760 rget
990 1707 1113 1754 currum,
1124 1709 1172 1744 cte·

103 1771 187 1822 multa
209 1770 315 1822 Plinius
334 1770 457 1822 similiter
477 1767 511 1822 de
526 1789 621 1840 genere
662 1771 697 1823 sis
709 1770 818 1838 insignis
830 1769 945 1823 Achivis.
964 1771 1047 1822 Eruet
1059 1770 1103 1822 ille
1118 1771 1172 1822 Ar·

105 1847 620 1920 ejus.demorib.etedilitete,XXXV1,
662 1868 723 1920 gos,
739 1848 1013 1920 Agamemnoniasque
1030 1850 1173 1922 Mycenas,

108 1930 261 1992 affluo.
390 1957 393 1964 ·
663 1929 808 2000 Ipsumque
828 1925 974 1989 AEscidem‚
996 1945 1078 1999 genus
1092 1927 1172 1980 arnti-
1277 1925 1280 1930 “

145 2029 171 2060 a.
192 2009 353 2078 Tenpomrio
375 2009 476 2058 theatro.
493 2008 546 2059 Via
566 2025 621 2060 uno
662 2009 779 2078 potentis
788 2007 903 2062 Achillei
916 2027 923 2059 t
938 2009 1018 2060 Ultus
1028 2027 1091 2061 oros
1104 2009 1172 2060 Tro·

106 2085 620 2152 mensedursturo‚utdiceturXXXVl,
660 2090 710 2157 je,
722 2089 819 2158 temple
832 2100 858 2140 et
870 2099 996 2140 temerato
1007 2087 1142 2140 Minervio.
1157 2112 1169 2134 ι

111 2187 141 2227 n,
165 2185 253 2237 quom
279 2174 348 2218 stent
367 2167 394 2217 in
420 2166 495 2217 Urbe
517 2177 620 2219 coetera.
662 2168 709 2219 tlte
725 2186 807 2238 quum
830 2165 895 2218 dicit
918 2169 992 2236 prius
1008 2167 1172 2238 appellatum

109 2246 310 2316 Tmporeriam
332 2247 390 2314 ejus
407 2244 502 2297 theatri
518 2261 619 2297 moram
662 2244 793 2298 eduobus
808 2245 929 2316 proxime
946 2246 1174 2309 commemoratis,

109 2326 212 2377 Plinius
221 2326 260 2377 ait
270 2325 365 2383 fuisse,
378 2325 440 2377 loeo
452 2325 573 2394 proxime
584 2325 622 2376 ci·
663 2325 714 2380 hoo
725 2338 773 2388 est,
785 2343 915 2388 socerum,
924 2326 970 2396 qui
980 2326 996 2376 J
999 2326 1067 2377 nlius
1076 2327 1173 2390 Caessr,

109 2417 170 2457 tato.
183 2405 278 2457 Han.
663 2403 791 2473 designat.
813 2405 879 2456 Num
903 2405 931 2456 in
951 2404 1000 2456 huc
1019 2393 1173 2457 recensione

149 2483 178 2536 3.
198 2483 338 2535 Mummim.
359 2483 490 2534 Achaicus
506 2483 570 2544 ille,
588 2481 622 2534 de
663 2484 782 2535 virorum
797 2483 957 2542 illustrium,
972 2481 1093 2534 ordinem
1105 2495 1173 2534 tem·

112 2582 168 2633 qao
180 2582 231 2615 nos
242 2564 308 2616 alins
317 2564 421 2634 saepius.
432 2566 497 2615 Aur.
506 2564 577 2615 vio.
587 2560 623 2614 de
663 2578 761 2633 porum
769 2561 1008 2632 serrntdiligenter.
1016 2561 1174 2633 ltaquepost

111 2644 184 2697 Viris
200 2644 244 2695 ΙΙΙ.
259 2647 313 2695 60:
332 2669 344 2689 ι
365 2643 511 2695 Mummius
525 2644 621 2695 Corin·
663 2643 794 2695 Caesarem
804 2655 829 2694 et
843 2642 999 2713 Pompeium
1010 2654 1172 2711 prepostere

111 2724 188 2775 thom
209 2723 292 2792 signis
311 2723 461 2792 tabulisque
477 2722 619 2791 spoliarit:
664 2740 694 2774 ec
709 2720 821 2774 ridicule
839 2721 998 2773 Mummium
1013 2721 1174 2785 Achaicum,

112 2802 208 2872 quibus
226 2820 311 2872 quum
328 2814 412 2853 totem
430 2801 556 2869 replesset
574 2802 623 2851 ltn-
664 2802 710 2871 qui
723 2814 828 2854 centum
841 2814 902 2853 ante
916 2801 992 2852 annis
1004 2800 1082 2863 obiit,
1093 2799 1175 2853 deno·

112 2881 190 2944 liam,
207 2882 236 2932 in
257 2879 368 2932 domum
383 2896 457 2931 suam
473 2878 542 2931 nibil
557 2898 621 2932 con·
654 2891 746 2945 ·tsret;
761 2892 788 2932 et
801 2880 862 2933 satis
873 2877 1035 2950 negligenter
1048 2878 1175 2951 quidem,

114 2960 182 3012 tulit.
200 2984 212 3006 ι
240 2960 284 3013 Sic
307 2959 424 3029 epitome
446 2958 535 3024 Livii,
561 2956 620 3010 LII.
663 2979 717 3012 non
732 2960 865 3031 appellato
875 2978 907 3012 eo
917 2958 950 3011 de
964 2959 1082 3022 nomine,
1092 2978 1175 3031 quum

115 3039 233 3091 Frontin.
242 3040 354 3109 Strateg.
363 3038 415 3103 tv,
425 3037 458 3094 3:
472 3064 483 3086 ι
495 3038 526 3090 L.
537 3038 623 3089 hlum-
664 3052 770 3092 ceteros
787 3058 878 3091 omnes
891 3038 1013 3110 appellet.
1031 3038 1071 3090 De
1087 3058 1176 3110 popu-

114 3119 181 3171 mins
191 3120 254 3189 qni,
263 3118 394 3171 Corintho
405 3130 480 3187 cepta
490 3156 498 3181 ,
509 3137 563 3169 non
574 3116 623 3168 Ita·
664 3118 696 3170 lis
706 3120 882 3189 triumphasse
893 3118 1021 3171 Caesarem
1036 3118 1121 3187 ipsum
1132 3116 1176 3169 hic

116 3198 175 3250 liam
187 3198 292 3260 solum,
307 3196 352 3249 sed
366 3198 445 3251 etiarn
458 3197 622 3267 provinciam
664 3196 742 3262 dicii,
751 3217 865 3268 quorum
878 3198 1026 3267 majoresin
1037 3196 1176 3249 obsidione

116 3277 210 3329 tabulis
225 3276 369 3346 statuisque
383 3269 535 3340 exornavit,
554 3274 622 3328 adeo
665 3276 752 3347 Troje
763 3278 846 3329 fuere.
859 3278 893 3330 Hi
903 3288 964 3328 sunt
972 3274 1073 3328 'Achivi
1085 3288 1110 3328 et
1123 3274 1175 3328 Co·

116 3356 181 3407 nihil
200 3374 232 3407 ex
249 3354 328 3409 tantis
347 3356 480 3409 manubiis
498 3356 527 3408 in
545 3372 623 3407 suum
665 3356 767 3408 riuthii.
788 3356 876 3427 Argos
894 3356 921 3407 in
937 3355 1137 3425 Peloponneso,
1150 3368 1178 3407 et

117 3435 262 3499 convertit,
285 3435 318 3486 ut'
332 3436 415 3488 liliam
439 3438 494 3504 ejus
515 3433 623 3505 inopeth
666 3434 802 3505 Mycena,
824 3450 850 3488 et
869 3434 1016 3503 Phthiotis,
1037 3453 1095 3505 quae
1109 3434 1177 3487 ditio

117 3526 220 3566 senatus
231 3532 263 3566 ex
275 3513 385 3586 publico
398 3514 537 3566 dotaverit.
553 3540 564 3561 ι
578 3515 625 3566 Est
667 3514 718 3566 fuit
730 3514 859 3579 AEacidre,
872 3514 923 3565 hoc
935 3522 988 3575 est,
1000 3513 1178 3584 Neoptolemi,

117 3595 144 3645 in
164 3593 277 3646 AEneide
290 3594 365 3646 locus
381 3596 414 3646 sb
431 3592 623 3662 interpretibus
667 3594 694 3646 in
704 3594 847 3647 Thessalia.
862 3594 901 3646 De
916 3594 1048 3647 Corintho
1062 3594 1178 3665 quidem,

117 3672 623 3744 haaenusprtepostereintellectus‚V1‚
667 3670 1177 3746 etPeloponnesoeiadherente‚trium·

119 3770 144 3801 r.
159 3753 214 3806 830
224 3771 281 3823 sqq.
299 3768 312 3793 ⁶
324 3752 472 3824 Aggeribus
487 3768 563 3805 socer
579 3752 623 3803 At·
667 3752 759 3825 phasse
771 3753 899 3807 Cursarem
910 3752 984 3815 dicit,
994 3753 1119 3824 quonium
1131 3752 1180 3803 Co·

119 3830 200 3901 pinis,
215 3843 293 3903 atque
305 3850 366 3885 eree
378 3831 493 3885 Monoeci
510 3832 624 3898 Deseem
667 3833 753 3886 rinthi
762 3828 1178 3896 coloniamcondidit,ntnummi

118 3909 198 3973 dens,
226 3930 307 3982 gener
337 3910 453 3963 adversis
482 3911 626 3964 instructus
668 3912 751 3983 ipsius
772 3911 844 3965 haud
870 3912 948 3983 pauci
976 3922 1111 3964 testantur.
1140 3910 1179 3961 De

119 3988 189 4041 Bois.
196 3990 236 4043 Ne
245 3992 324 4063 pueri
333 4030 341 4056 ,
351 4008 385 4042 ne
393 4000 468 4043 tantu
475 3990 570 4043 animis
579 3988 626 4045 nd·
669 3989 823 4045 Phthiotide
832 4004 858 4044 et
863 3990 1012 4054 Thessalia,
1022 3988 1092 4041 hello
1100 3989 1181 4041 Phar·

121 4067 625 4141 meedtehellnzlienpetrimvulidasin
670 4071 758 4125 salico.
783 4070 851 4123 Nam
877 4069 1018 4123 Pharsalici
1042 4069 1129 4141 compi
1152 4068 1181 4121 in

122 4146 214 4205 thuere
224 4150 321 4205 vertite
333 4149 403 4203 vires
414 4169 421 4200 t
434 4148 530 4219 Tuque
541 4150 627 4219 prior,
671 4150 807 4204 Thessalis
822 4163 891 4203 sunt.
910 4148 1001 4203 Ηιιιι).
