3100 5125
476 525 632 592 LIBER
656 524 844 592 XXXIV.
1100 525 1192 600 aad

125 679 226 750 quam
240 667 362 722 vocant
373 652 557 722 lauriotin⁹.
568 653 750 723 Utilissima
760 668 870 724 autem
883 654 986 726 oculis
997 657 1192 748 affirmatur,

126 787 201 855 quae
222 760 283 829 fiat
298 764 332 831 in
350 761 509 828 aurariis:
531 784 592 828 nec
608 761 642 828 in
662 758 726 828 alia
743 774 837 854 parte
854 764 958 856 magis
979 778 1029 833 est
1046 767 1123 836 vitae
1141 768 1192 834 in·

126 869 225 961 genia
245 867 369 936 mirari.
389 867 522 960 Quippe
544 890 587 933 ne
601 866 797 959 inquirenda
813 883 923 937 essent
938 869 1087 958 metalla,
1109 871 1194 942 vilis·

125 975 218 1043 urnis
239 973 338 1041 rebus
357 970 515 1042 utilitates
534 971 664 1040 easdem
682 973 893 1066 excogitavit.

182 1081 327 1148 XXXV.
348 1076 574 1170 Antispod0n¹
598 1092 721 1146 vocant
741 1079 886 1150 cinerem
905 1079 959 1150 liei
977 1081 1121 1170 arboris,
1138 1083 1191 1154 vel
1211 1107 1223 1143 1

127 1183 294 1278 caprifici,
316 1182 369 1252 vel
396 1185 495 1276 myrti
522 1183 676 1252 foliorum
700 1207 778 1254 eum
812 1188 998 1256 tenerrimis
1023 1213 1191 1260 ramorum

128 1290 296 1384 partibus,
313 1287 365 1357 vel
380 1287 532 1375 oleastri,
548 1289 600 1358 vel
615 1285 763 1358 cotonei²
777 1289 872 1376 mali,
888 1291 940 1360 vel
957 1291 1092 1364 lentisci.
1107 1299 1192 1366 Item

128 1421 171 1464 ex
191 1397 292 1469 maris
311 1380 525 1479 immaturis³‚
548 1394 582 1464 id
599 1409 669 1481 est,
690 1395 855 1483 candidis,
873 1397 908 1466 in
930 1398 998 1467 sole
1020 1400 1191 1471 arefactis:

128 1500 182 1570 vel
202 1528 222 1570 e
243 1502 323 1570 buxi
345 1525 460 1586 coma,
479 1500 532 1570 vel
553 1501 699 1595 pseudoc
722 1489 823 1596 peril,
842 1517 900 1572 aut
921 1505 1011 1588 rubi,
1031 1521 1089 1574 aut
1106 1521 1193 1576 tere·

132 1607 259 1692 binthi‚
283 1606 338 1676 vel
355 1608 537 1678 oenanthes.
555 1609 691 1676 Taurini
731 1631 863 1702 quoque
881 1607 1034 1703 glutinis,
1056 1625 1114 1682 aut
1132 1612 1193 1681 lin·

130 1729 261 1782 teorum
279 1715 444 1795 cinerem,
462 1713 611 1792 similiter
629 1712 755 1807 pollere
774 1714 945 1784 inventum
960 1731 1021 1785 est.
1041 1719 1195 1788 Utuntur

131 1823 242 1890 omnia
256 1843 296 1888 ea
312 1819 416 1888 crudo
433 1818 527 1888 fictili
542 1821 577 1886 in
596 1819 803 1907 fornacibus,
823 1819 930 1890 donec
945 1819 1056 1916 figlina
1076 1849 1194 1916 perco-

131 1941 284 2019 quantur.
1073 1989 1075 1994 ,

183 2034 346 2100 XXXVI.
359 2035 408 2098 'ln
428 2032 550 2100 aerariis
568 2029 710 2101 officinis
735 2045 769 2100 et
790 2031 941 2124 spegma¹
965 2032 1003 2100 fit
1015 2031 1037 2119 ²,
1063 2037 1130 2128 jam
1155 2034 1191 2104 li·
1213 2089 1225 2122 ,

132 2153 230 2230 qunto
250 2162 314 2205 aere
329 2152 427 2231 atque
443 2151 617 2231 percocto,
637 2137 755 2206 additis
772 2138 952 2206 etiamnum
973 2140 1190 2228 carbonibus,

134 2244 276 2338 flatuque
291 2245 506 2312 assensimus
521 2257 656 2338 repente
674 2243 912 2311 vehementiori
928 2244 1008 2312 llatu
1024 2249 1194 2338 exspuitur

134 2352 203 2418 aris
219 2349 315 2444 palea
333 2348 494 2444 quadarn.
512 2348 642 2436 Solum,
663 2373 729 2442 quo
748 2349 948 2442 excipiatur,
964 2372 1033 2417 esse
1054 2365 1193 2421 stratum

134 2455 238 2525 debet

171 2610 196 2657 9.
212 2589 349 2643 lambris.
365 2597 498 2661 Δαυριῠτιν
513 2608 528 2642 ι
543 2590 642 2643 Laurio
726 2595 753 2652 4.
776 2588 961 2661 Pseudaoml.
984 2590 1099 2655 Quidam
1121 2590 1193 2661 apud

135 2670 226 2721 Attice
250 2688 331 2739 pago,
350 2670 396 2721 uti
416 2670 518 2741 argenti
536 2669 642 2722 metalla
685 2667 774 2721 Didae.
788 2668 880 2739 legunt
891 2670 1058 2740 pseudocyprr'.
1071 2671 1139 2722 Dar..

136 2748 642 2811 luere.Pausauiasstatiminiti01,sive
725 2748 752 2799 ⁵.
782 2748 893 2799 Taurini.
915 2750 1045 2802 ductores
1068 2749 1191 2821 proxime

135 2828 213 2881 attic.
231 2822 377 2880 Πλίοντιδὲ
393 2832 417 2890 l<
434 2831 462 2881 τὸ
476 2830 560 2897 πρόσω
574 2829 639 2879 Auti-
683 2825 816 2897 appellati.
833 2822 923 2879 nmo.
987 2840 991 2849 '

136 2908 179 2973 pas
200 2909 228 2961 τί
245 2909 307 2971 ten,
321 2909 379 2959 ista
396 2908 456 2960 nard
469 2899 641 2968 ddnsaiatcdn
723 2906 852 2958 XXXVI.
867 2923 890 2958 r.
903 2908 1190 2977 Etspegma.Sieetiam

136 2986 234 3058 ἀργύρου
246 2988 368 3056 utrm«.
384 2987 566 3057 Ηίυογλαῦκις
579 2994 643 3039 Auu-
683 2984 761 3040 MSS.
783 2985 825 3035 An
848 3002 948 3055 pragma
974 2988 1061 3057 ψῆγμα
1085 2986 1190 3057 potius,

137 3068 244 3133 ponuat
262 3064 334 3135 apud
347 3064 486 3118 Erasmam
504 3065 577 3119 Chil.
598 3067 642 3129 11,
684 3082 743 3136 qna
762 3081 814 3115 vox
831 3082 914 3133 graece
933 3078 1050 3119 ramenta
1073 3080 1098 3118 et
1112 3067 1191 3119 micas

136 3145 210 3198 Cant.
226 3147 255 3206 8,
271 3144 355 3216 Adag.
369 3146 416 3199 31.
430 3144 642 3199 ll.-Laun’err'u.
684 3142 822 3215 significat,
835 3161 894 3214 qua
902 3145 1048 3213 appellatio
1058 3144 1123 3197 huie
1133 3144 1191 3197 aria

137 3223 308 3295 Quadruplex
329 3225 411 3295 igitur
430 3224 532 3277 Nostro
555 3223 644 3294 spodii
684 3222 977 3293 palea‘accommodata
993 3224 1053 3276 satis
1065 3222 1191 3277 videtur?

137 3322 230 3373 genus:
245 3304 382 3367 assarium,
392 3322 437 3357 seu
449 3304 586 3374 cyprium
602 3323 644 3356 ar·
684 3301 718 3354 11.
730 3334 769 3344 -
780 3300 893 3371 Spegma.
904 3302 947 3355 sic
958 3303 1036 3355 etiam
1046 3300 1110 3355 edit.
1120 3304 1193 3373 prin-

137 3384 295 3452 gauterium,
302 3380 373 3451 quod
385 3396 409 3435 et
420 3383 552 3445 lautiotis3
565 3400 643 3435 anm·
685 3398 756 3452 sepa.
768 3381 840 3432 Brot.
851 3400 950 3451 psegma
958 3380 1007 3451 fit,
1015 3394 1063 3434 ate.
1079 3382 1131 3434 En.

87 3507 89 3521 ,
136 3461 584 3533 rium‚dequoinl.eap.5a.l²m.
728 3458 873 3529 summ
889 3459 939 3529 fit,
962 3474 1010 3513 etc.
1027 3466 1122 3532 Ψῆγμα
1141 3462 1194 3515 hoo

175 3541 491 3611 xxxv.1.Amap0don.
498 3533 645 3595 Ᾰντίοποδα
685 3540 745 3593 loeo
762 3551 802 3591 est
817 3540 889 3592 velut
900 3538 1013 3611 upladii,
1027 3558 1103 3605 acer,
1117 3542 1193 3612 palea

138 3618 278 3683 dieantur,
298 3638 359 3691 qua
372 3618 511 3673 deficiente
526 3638 646 3691 sapsam
687 3618 830 3689 nanque
845 3618 1036 3672 vehementiori
1048 3618 1110 3673 llatn
1122 3632 1194 3673 extra

139 3716 213 3752 mern
221 3696 536 3770 spodio,inejusloeum
547 3718 647 3769 oppor-
688 3699 822 3751 lernaeam
842 3698 955 3768 ejicitur,
983 3712 1110 3770 tanquam
1135 3699 1193 3752 aris

139 3790 206 3829 tune
233 3778 411 3831 sufficiuntur.
432 3778 534 3832 Deliis
556 3777 646 3831 eadem
687 3791 854 3843 ramentum,
875 3790 920 3829 aut
948 3778 1030 3830 recisa
1051 3779 1195 3849 densaque

137 3856 217 3926 mane
240 3856 321 3910 tradit
347 3869 374 3910 et
397 3858 527 3918 Diomv,
549 3860 597 3925 86,
616 3870 647 3911 ut
688 3856 827 3928 particula.
844 3856 996 3910 Dioscorid.
1011 3877 1068 3928 cap.
1083 3856 1118 3909 de
1129 3855 1196 3909 llere

138 3934 299 3998 orihxlll,
313 3957 340 4009 p.
355 3938 421 3991 adr.
434 3938 525 3990 Hann.
690 3936 764 4000 aris,
781 3938 810 3987 τὸ
825 3942 874 3988 τῶν
888 3943 998 3989 παλαιῶν
1017 3936 1080 3993 ἥλων
1097 3936 1196 4007 ψῆγμα,
1267 3959 1272 3976 ¹

181 4033 208 4067 ι,
222 4015 331 4076 Caenei.
345 4016 432 4070 Gran.
444 4016 547 4088 cydonir'.
564 4018 615 4069 En.
691 4026 822 4067 ramentum
838 4016 1091 4079 accommodaveram,
1105 4034 1120 4067 a
1138 4014 1197 4085 qui-

181 4094 209 4145 3.
224 4096 284 4146 lun
298 4116 329 4148 ex
342 4098 414 4147 moris
426 4099 566 4149 immtatis.
582 4097 647 4149 Dio·
690 4092 802 4146 busdam
820 4106 944 4149 vocatum
961 4095 1041 4147 luisse
1054 4092 1136 4149 tradit
1148 4092 1197 4145 flo-

139 4190 207 4226 suor.
220 4186 246 4227 et
259 4175 337 4229 oris.
350 4174 382 4228 ll.
393 4192 435 4229 ce.
444 4175 537 4229 dinan.
691 4191 748 4227 rem
762 4173 830 4229 uris.
841 4175 910 4230 Dar..

182 4256 184 4259 ’
212 4264 275 4332 IX.
1016 4258 1056 4331 15
