3100 5125
382 532 455 620 634
654 538 695 606 C.
719 534 886 606 PLINII
911 538 1020 606 NAT.
1047 539 1176 607 HIST.

382 691 519 738 aurnum
540 667 848 762 cognominabatur.
872 669 1102 738 Recentissimi
1122 683 1274 739 auctores
1298 683 1334 739 et
1359 671 1443 741 circa

381 773 558 844 Thebaidis
570 771 781 842 Alabastrum
798 773 957 869 oppidum
973 775 1062 844 nasci
1080 773 1194 844 dicunt
1209 803 1217 843 ε
1234 789 1270 843 ct
1289 775 1359 845 duo
1376 777 1443 869 ejus
1535 791 1536 802 ¹

382 903 502 975 genera
515 878 657 965 faciunt,
678 881 863 973 prasoidem
876 880 899 904 '⁰
918 894 1018 974 atquc
1036 881 1442 974 chrysopteron,similcm

381 987 601 1079 chrysopraso
612 983 646 1052 ¹¹.
663 987 744 1079 Ejus
757 988 843 1054 enim
862 1001 932 1056 tota
949 985 1127 1056 similitudo
1142 987 1183 1055 ad
1201 989 1293 1081 porri
1308 1012 1443 1057 succum

380 1090 541 1185 dirigitur.
560 1094 621 1160 Est
637 1106 749 1162 autem
771 1090 971 1186 amplissima
991 1115 1205 1186 gemmarum.
1231 1093 1358 1161 Eadem
1376 1092 1443 1162 sola

380 1196 541 1282 nobilium
563 1195 674 1266 limam
697 1200 820 1268 sentit:
843 1196 999 1270 caeterae¹²
1021 1199 1129 1268 Naxio
1138 1183 1161 1224 ¹⁵
1183 1213 1218 1267 et
1237 1198 1371 1269 cotibus
1386 1224 1442 1294 po·

380 1300 514 1371 liuntur.
536 1306 615 1372 Haec
637 1319 672 1372 et
693 1329 756 1372 usu
774 1305 939 1374 atteritur.

347 1448 358 1481 ι
433 1411 594 1478 XXXIII.
621 1411 899 1479 Comitatur'cnm
924 1407 1135 1479 similitudine
1159 1411 1322 1503 propior,
1345 1433 1442 1503 quam

379 1516 592 1598 auctoritate,
609 1514 720 1584 callais
732 1514 755 1603 ¹,
770 1540 790 1584 e
807 1516 902 1585 viridi
917 1513 1053 1612 pallens.
1067 1517 1224 1585 Nascitur
1235 1529 1313 1610 post
1330 1538 1443 1584 aversa

379 1725 457 1768 tanto
473 1713 662 1786 magnitudinis
672 1713 888 1784 pcrtinetpotius
929 1711 976 1766 sed
997 1714 1031 1765 ab
1051 1713 1101 1767 alia
1123 1713 1254 1766 Cretensi.
1278 1713 1442 1784 Stephanus,

377 1791 412 1845 ad
425 1791 541 1864 lapides,
563 1794 596 1846 les
616 1792 790 1864 piermfines,
807 1813 886 1862 quam
930 1793 1011 1855 Ναξία
1023 1793 1102 1858 λίθος,
1117 1791 1133 1849 t
1152 1793 1262 1863 Κρητικὴ
1278 1792 1365 1847 dadan
1381 1793 1441 1846 Cre·

378 1870 412 1924 ad
431 1891 563 1943 gemmas,
584 1873 618 1924 les
634 1876 724 1942 pr'erres
739 1876 887 1943 prs'cr'cnses,
931 1872 1010 1924 tensis
1020 1872 1085 1924 cotis
1095 1873 1194 1924 mentio
1203 1872 1234 1924 fit
1243 1871 1325 1924 etiam
1337 1870 1440 1926 decimo

377 1963 408 2004 nt
420 1954 475 2023 jam
488 1951 523 2005 de
532 1950 673 2024 smaragdo
685 1952 788 2006 dictum
799 1965 887 2006 estam
930 1964 1023 2004 octavo
1037 1951 1173 2004 volumino
1185 1953 1215 2004 in
1227 1950 1336 2004 rationo
1354 1963 1440 2022 prato-

378 2050 426 2102 pra
436 2049 494 2103 cop.
511 2049 555 2100 19.
568 2031 622 2084 En.
930 2049 998 2084 rum.
1012 2030 1118 2084 Cannu.

420 2129 464 2164 ιο.
475 2109 622 2164 Prosoidem.
634 2107 888 2181 sspoooardnimolors
974 2111 1018 2164 13.
1037 2110 1129 2164 Nonio.
1145 2114 1250 2162 Naxos
1266 2110 1346 2162 Creta
1367 2107 1441 2163 advo-

375 2191 888 2259 porracco2etzpuoo'rrrapomclutiss-
930 2201 984 2242 ctas
1005 2203 1097 2252 cotes,
1121 2189 1236 2240 Naxium
1264 2188 1440 2259 appellabant.

375 2268 469 2322 bibent
487 2270 564 2322 uss.
583 2272 887 2341 omnes,7‚pocdrspov,a
929 2268 1049 2336 Plinius,
1070 2268 1117 2320 lib.
1140 2267 1279 2332 XXXVI,
1302 2286 1362 2337 cap.
1387 2285 1439 2322 so:

375 2348 478 2418 pallore
489 2348 625 2412 videlicet,
638 2348 686 2420 qui
699 2362 788 2420 vcagat
800 2351 829 2402 in
843 2367 887 2404 co·
933 2373 946 2397 ι
955 2347 1062 2418 Signino
1074 2365 1206 2402 marmore
1216 2343 1360 2417 poliendis,
1371 2365 1440 2418 gem·

376 2427 460 2482 lorcm
472 2447 592 2483 aureum.
605 2429 730 2498 Denique
746 2429 886 2500 χρυσόπρα-
929 2427 1031 2498 mirque
1044 2427 1123 2480 etiam
1139 2424 1303 2496 scalpendis,
1318 2439 1398 2497 atque
1409 2425 1439 2478 ti·

375 2526 434 2571 σος,
446 2509 558 2561 acolorc
564 2507 638 2579 porri
649 2506 741 2574 viridi,
752 2526 886 2580 aureoque
928 2505 1047 2573 mandis,
1068 2506 1183 2558 Naxium
1202 2503 1250 2558 din
1265 2505 1367 2577 placuit
1380 2517 1438 2558 ante

375 2587 469 2641 mixto.
484 2589 519 2641 Il.
537 2621 578 2632 -
594 2588 732 2641 Prasoides.
753 2588 886 2659 Topoaius
927 2586 977 2641 ulia
989 2605 995 2639 :
1008 2586 1044 2640 ita
1064 2599 1192 2639 vocantur
1206 2598 1284 2639 ‹cotes
1297 2586 1326 2637 in
1347 2586 1437 2656 Cypro

373 2666 510 2735 prasoides
524 2669 660 2721 nonnullis
673 2666 764 2720 cadem
781 2668 885 2721 soscri-
928 2666 1142 2737 insulagcnitoea
1153 2664 1360 2735 Nnnoigiturad
1370 2683 1439 2737 gens·

374 2744 453 2799 detur
462 2764 523 2799 curn
534 2766 636 2817 gemma
647 2746 840 2805 recentioribus
847 2746 886 2801 di·
928 2761 983 2797 anas
1002 2744 1146 2809 limandas,
1164 2756 1274 2797 etentes
1291 2744 1403 2809 Naxica,
1415 2757 1439 2796 st

374 2837 433 2890 cta,
448 2826 575 2898 cdrysoins
588 2827 722 2889 orientale,
734 2827 823 2879 colore
838 2846 884 2880 an·
927 2824 990 2877 alias
1001 2824 1133 2879 iisset-ioris
1145 2838 1216 2878 notas
1231 2820 1354 2876 advocat.
1368 2824 1401 2876 II.

373 2922 421 2956 rso
434 2903 467 2957 ad
484 2923 643 2975 porraccnm
657 2905 821 2969 inclinantc;
838 2918 885 2959 ant
967 2904 1096 2956 XXXIII.
1120 2921 1143 2955 ι.
1164 2904 1268 2957 Calicis,
1290 2902 1402 2966 Callaic,
1414 2903 1436 2953 la

372 2983 526 3038 etiamnum
537 2985 884 3054 nostratops'ridotorientol,
928 2988 1054 3054 emunctis.
1073 2984 1141 3035 Tota
1165 2983 1256 3034 Persiu
1278 2999 1336 3035 cam
1358 2982 1437 3052 pluri·

372 3064 450 3133 cujus
462 3065 577 3117 colores
590 3080 718 3136 porraceo
727 3064 762 3117 ad
773 3083 882 3117 aureum
927 3080 998 3115 mam
1013 3062 1085 3115 nosci
1095 3059 1174 3115 tradit
1182 3061 1291 3125 Garoias
1303 3062 1337 3113 ab
1347 3061 1436 3127 IIorto,

374 3142 468 3211 vergit.
479 3144 533 3196 Ilo.
926 3141 1099 3213 Pernoaaqne
1114 3140 1246 3193 Arabibus
1256 3142 1358 3195 vocam.
1372 3142 1436 3193 Dar..

415 3238 459 3273 ιι.
479 3223 653 3294 Chrysopteron
670 3224 769 3275 sonitem
786 3224 883 3293 chr-sso-
927 3248 966 3263 -
980 3220 1081 3273 cettan.
1101 3220 1274 3275 Turcbesism
1297 3220 1366 3275 banc
1386 3238 1436 3273 osas

369 3304 463 3367 prasio.
471 3301 584 3371 Topazii
595 3302 815 3373 Sibsnburgonsis
832 3321 884 3355 mo
927 3298 991 3353 laiso
999 3298 1300 3371 quidamautumant,ln
1310 3304 1435 3371 conjuncte:
1448 3342 1453 3349 .

373 3378 463 3443 minit,
473 3383 549 3451 cujus
562 3382 647 3451 pallor
656 3380 688 3433 ad
697 3383 755 3435 auri
765 3382 882 3435 colorent
925 3397 1007 3450 quum
1016 3398 1049 3431 an
1057 3380 1198 3431 Veteribus
1207 3379 1315 3449 cognita
1325 3380 1434 3432 omnino

373 3460 466 3529 vergit.
477 3459 579 3513 Dauo.
593 3492 632 3503 -
644 3461 883 3532 Clqsopteronll'o·
925 3458 1056 3512 turcbesia
1070 3459 1163 3523 luerit,
1177 3456 1248 3510 haud
1260 3476 1325 3510 sane
1336 3457 1436 3511 satissit

373 3530 678 3613 pasinmcbrysppteroo
685 3540 808 3601 nonnulli
818 3540 884 3593 relc·
924 3539 1089 3610 exploratum
1098 3554 1130 3590 :c
1150 3536 1329 3590 Samarcanda
1343 3537 1433 3588 Tarta·

372 3630 436 3671 rnnt
446 3616 479 3669 ad
491 3632 633 3673 nostratem
647 3632 883 3690 gommamaopm
925 3617 971 3669 rios
988 3608 1116 3669 citcrioris
1129 3616 1267 3687 provincia
1279 3614 1315 3668 ad
1328 3634 1377 3669 nos
1389 3612 1433 3668 ad·

372 3698 882 3770 meneniodictsmacujnscoloranrsus
925 3696 1040 3749 rebitur.
1067 3696 1162 3749 Callais
1185 3714 1249 3747 vero
1272 3696 1307 3747 ab
1333 3692 1434 3747 Isidoro

298 3832 301 3837 ,
372 3766 519 3842 (corindor,
532 3780 611 3831 tsle'st'e
620 3774 728 3849 jaune);
742 3778 786 3830 alii
799 3780 879 3847 chry·
924 3776 1035 3829 Callaico
1050 3774 1288 3845 appellatur,0rig.
1300 3774 1350 3827 lib.
1361 3775 1432 3835 XVI,

268 3874 273 3883 ·
370 3874 479 3924 soprato
490 3877 544 3911 non
553 3856 699 3911 absimilem
710 3870 879 3928 putant,quas
923 3872 980 3925 cap.
995 3872 1022 3924 7,
1038 3866 1091 3907 etn
1107 3854 1199 3907 Solino
1218 3854 1360 3916 similitor,
1376 3870 1432 3921 cap,

370 3936 539 3989 carchedonii
549 3938 649 4008 species
658 3929 802 4002 (mlcddoirre
813 3948 879 3995 vert,-
924 3954 971 3998 xx,
983 3952 1042 4004 pag.
1059 3938 1103 3995 dr.
1120 3932 1153 3985 Il.
1164 3964 1204 3975 —
1214 3932 1318 3985 Calicis.
1331 3932 1433 3995 Callais,

367 4012 492 4080 pomino),
516 4018 596 4088 vulgo
608 4017 771 4087 chrysoprase.
785 4018 837 4069 Eo.
923 4026 953 4067 nt
968 4012 1102 4066 nonnullis
1114 4012 1228 4075 videtur,
1238 4030 1270 4063 cx
1286 4009 1367 4063 viridi
1378 4010 1431 4082 pal·

414 4112 457 4145 ra.
473 4095 575 4147 Cotem
585 4098 675 4151 Noaiis
682 4096 877 4166 cotibuspoliun·
922 4093 1007 4157 lente,
1019 4091 1132 4163 pertinet
1143 4090 1177 4143 od
1190 4108 1309 4162 gemmas
1320 4109 1386 4162 qun
1394 4088 1432 4142 di·

368 4182 415 4237 Ιςν.
424 4172 485 4225 Non
496 4192 509 4225 a
523 4174 671 4239 liastmona
681 4195 696 4228 c
705 4174 877 4245 Cycladibus,
922 4172 1007 4228 cimus
1018 4172 1113 4242 ps'ridot
1127 4172 1236 4223 oriental.
1249 4170 1301 4223 En.
