3100 5125
439 558 443 564 ·
470 523 839 592 mnnaxxxvt.
1116 523 1185 634 447

123 658 303 727 etiamnum
328 652 445 724 sedens
470 652 638 724 colosseus
665 639 856 782 ejusdem⁸³,
881 655 914 723 in
940 653 1065 749 templo
1095 658 1189 724 Bruti

15 810 16 837 t
124 760 258 832 Callaici
274 758 363 854 apud
373 761 497 828 circum
513 759 667 828 eumdem
688 747 709 827 ⁴.
722 762 884 829 Praeterea
894 763 1008 830 Venus
1021 763 1055 830 in
1073 761 1189 832 eodem

15 846 16 869 Χ
124 866 196 937 loco
209 866 300 934 nuda
317 864 522 934 Praxiteliam
538 864 628 934 illam
640 851 881 951 antecedens⁸⁵,
895 881 929 936 et
946 892 1190 961 quemcumque

125 973 224 1044 elium
245 972 357 1042 locum
380 970 602 1041 nobilitatura.

177 1080 296 1147 Romae
322 1066 455 1171 quidem
481 1074 676 1171 magnitudo
699 1101 838 1171 operum
867 1101 937 1146 eam
960 1077 1127 1172 obliterat,
1153 1103 1191 1146 ac
1215 1083 1244 1136 ¹⁵
1336 1157 1342 1170 Ι

127 1186 238 1278 magni
251 1184 440 1255 officiorum
455 1185 730 1280 negotiorumque
750 1185 860 1252 acervi
879 1209 993 1254 ornnes
1012 1209 1031 1252 a
1049 1201 1193 1254 contem·

128 1289 273 1385 piatione
289 1289 405 1360 talium
419 1290 606 1360 abducunt:
617 1291 772 1383 quoniam
786 1291 967 1388 otiosorum
983 1305 1016 1359 et
1027 1292 1060 1359 in
1075 1315 1196 1385 magno

129 1396 190 1466 loci
214 1395 344 1465 silentio
361 1410 438 1489 apta
455 1395 628 1464 admiratio
642 1384 719 1463 'talis
742 1409 802 1464 est.
835 1397 910 1484 Qua
928 1394 969 1463 de
989 1421 1087 1465 causa
1105 1399 1197 1494 igno·

130 1517 221 1572 ratur
238 1501 358 1571 artifex
376 1502 446 1594 ejus
465 1527 596 1596 quoque
609 1502 764 1588 Veneris,
778 1525 876 1595 quam
895 1504 1118 1596 Vespasianus
1138 1505 1198 1572 im·

130 1622 263 1701 perator
277 1610 312 1677 iu
323 1592 605 1703 operibusl'acis86
617 1632 684 1675 suae
692 1607 828 1694 dicavit,
837 1609 1049 1702 antiquorum
1064 1609 1200 1704 dignam

132 1712 227 1783 lama.
243 1717 309 1782 Par
324 1715 485 1784 haesitatio
493 1717 551 1782 ‘est
564 1715 597 1781 in
614 1712 738 1808 templo
756 1712 918 1809 Apollinis
933 1701 1103 1800 Sosiani⁸⁷,
1121 1717 1201 1784 Nio·
1223 1733 1255 1784 16

133 1897 227 1952 Graeca
240 1915 301 1968 qnae
312 1910 374 1950 sunt
386 1898 479 1963 obvia,
490 1862 648 1969 praitermit·
691 1869 1039 1968 Scopasfloruit‚testePlin.
1047 1899 1065 1951 l.
1073 1899 1204 1966 xxxiv,

134 1980 212 2030 timm
235 1994 242 2030 :
270 1977 353 2029 latine
379 1977 475 2030 Grotio
505 1977 648 2047 interprete
691 1976 966 2050 cap.8,0lympiade
977 1980 1205 2044 pxxxv113Praxi·

134 2054 292 2110 reddimus:
309 2083 320 2103 ι
332 2056 400 2131 Quis
411 2055 494 2109 adstat
506 2055 572 2109 ista?
584 2057 650 2109 Bac·
692 2057 756 2110 teles
774 2069 863 2110 autem
881 2055 1042 2128 Olympiade
1058 2076 1120 2120 c1v;
1135 2059 1203 2112 Plio.

135 2138 191 2190 cha.
213 2136 281 2202 Quis
303 2136 433 2206 sculpsit?
451 2136 557 2206 Scopas.
580 2135 649 2200 Quis
692 2135 760 2189 ibid.
787 2137 881 2208 Scopae
912 2137 1004 2189 Venus
1037 2137 1204 2192 Praxiteliam
1280 2197 1283 2204 Ι

135 2215 297 2268 euthearit?
323 2216 441 2268 Racchus
467 2234 502 2266 an
533 2213 649 2286 Scopas?
692 2215 825 2275 Venerem
852 2217 990 2268 antecessit
1010 2215 1116 2286 quidem
1138 2230 1205 2271 tem·

138 2297 243 2365 Scopas.
258 2320 269 2341 ι
285 2296 321 2348 Et
331 2296 414 2365 paulo
425 2308 485 2347 ante
498 2316 503 2345 :
521 2320 532 2341 ι
546 2295 649 2348 Baccha
693 2315 773 2365 pore,
792 2308 819 2347 st
838 2313 891 2346 nou
907 2294 1046 2365 dignitate.
1062 2295 1206 2350 laudanda

138 2373 209 2447 quod
222 2374 336 2438 insanit,
350 2393 404 2426 non
415 2374 467 2426 boc
481 2385 592 2438 natura,
603 2372 649 2426 sed
693 2387 781 2427 tamen
793 2373 869 2427 valde
880 2374 930 2426 suit
945 2374 988 2425 illa
1002 2374 1095 2445 Scopa
1104 2377 1206 2442 Venus,

140 2473 180 2507 ars
197 2465 237 2506 est
251 2453 346 2507 :Vivit
361 2453 432 2506 enim
449 2452 533 2524 lapidi
552 2454 651 2507 mixtus
693 2452 766 2525 quod
786 2472 867 2525 quum
891 2454 960 2508 foret
981 2452 1121 2507 Praxitelia
1140 2457 1207 2509 anti·

138 2535 171 2589 ab
185 2545 243 2586 arte
256 2533 338 2586 furor.
356 2559 368 2581 ι
384 2533 472 2586 Hann.
694 2534 781 2606 quior,
788 2532 892 2605 egregia
903 2545 989 2595 tamen
1000 2546 1076 2600 esset,
1083 2548 1109 2587 et
1117 2543 1208 2606 quem?
1236 2580 1244 2591 .

177 2614 223 2666 83.
245 2612 371 2683 Ejusdem.
394 2612 452 2666 Hoc
474 2625 527 2678 est,
549 2613 651 2684 Scopa.
694 2632 811 2683 cumque
824 2614 904 2664 alium
924 2613 1012 2665 loaum
1026 2614 1208 2676 nobilitatum.

139 2694 232 2747 blattis
248 2693 348 2745 scilicet
363 2692 390 2745 in
410 2690 483 2755 ede,
506 2711 521 2744 a
540 2692 651 2744 Decimo
695 2693 756 2745 Non
775 2692 919 2763 pugnantia
937 2710 1000 2761 ergo
1015 2693 1135 2763 loquitur
1153 2693 1208 2747 Pli-

139 2773 222 2825 lanio
238 2773 321 2825 Bruto
339 2772 455 2825 Callaico
468 2784 597 2824 exstructa
622 2789 653 2823 ac
695 2772 772 2834 nius,
798 2784 828 2824 ut
843 2771 901 2824 vult
919 2772 1209 2831 Cl.l⁴'alconet.Baor.

140 2851 271 2905 dedicata.
284 2852 313 2905 Ρ.
328 2852 425 2907 Victor
437 2852 487 2904 loc.
509 2852 553 2904 cit.
566 2869 653 2922 prope
696 2882 736 2892 -
755 2851 924 2904 Praeteritum.
945 2852 1029 2904 Gron.
1047 2866 1072 2905 et
1093 2854 1133 2906 at.
1150 2867 1210 2909 ante

141 2930 283 2985 delubrum
306 2932 357 2984 Cn.
380 2929 506 2994 Domitii,
531 2930 654 3001 Templum
697 2928 779 2983 llard
794 2931 953 2983 Praxiteliom
965 2932 1030 2983 illam
1043 2932 1156 2985 Cnidiam
1166 2952 1211 2987 aa·

142 3012 216 3064 Bruti
237 3010 351 3063 Callaici.
370 3011 411 3063 De
429 3010 512 3062 Bruto
538 3008 655 3062 diximus
697 3004 874 3063 teeeder‘rr.En.

143 3092 194 3154 lV,
210 3090 257 3143 ³5.
278 3090 387 3144 Callaici
402 3108 549 3159 cognomen
564 3090 626 3141 tulit
640 3108 655 3141 a
739 3092 786 3143 86.
800 3091 830 3143 Ia
842 3090 951 3159 operibus
965 3090 1047 3143 Pacis.
1060 3090 1136 3144 Pacis
1146 3104 1213 3145 tem·

143 3170 263 3224 Gallaecia
276 3169 387 3222 devictis
397 3169 532 3241 Hispaniae
539 3169 655 3240 populis.
698 3169 772 3241 plum
792 3170 915 3239 intelligit
932 3168 1067 3241 conditura
1082 3190 1097 3222 a
1110 3170 1212 3243 Vespa.

145 3247 215 3303 Vide
228 3249 298 3301 Livii
313 3248 385 3319 Epit.
400 3249 447 3302 lib.
460 3248 532 3301 LVI.
545 3250 635 3301 liano.
698 3249 790 3313 aiano,
807 3262 837 3301 ut
847 3250 910 3301 alibi
927 3248 1057 3301 diximus:
1073 3250 1162 3302 multis
1178 3253 1213 3305 si·

185 3330 232 3391 84.
254 3328 332 3399 Apud
347 3328 562 3380 circumeundam.
577 3329 609 3379 In
624 3328 657 3380 li·
699 3329 756 3380 mul
767 3326 1007 3392 aedificiisadditis,
1021 3329 1085 3381 utin
1097 3329 1213 3385 Octavia

146 3408 199 3461 bris
218 3406 253 3461 ad
270 3409 343 3460 hunc
359 3405 430 3460 diem
447 3406 539 3471 editis,
559 3408 657 3459 subus·
700 3407 828 3477 operibus
847 3406 1011 3471 dictumest,
1031 3410 1147 3471 XXXV,
1166 3412 1211 3479 37.

146 3488 657 3559 ctunturhisvocibus,quoesequuntnr,
701 3485 804 3538 Scholia
835 3486 958 3539 videlicet
993 3500 1020 3539 et
1044 3488 1213 3545 bibliotheca.

152 3594 163 3615 ι
179 3565 214 3620 ad
234 3568 396 3619 Labicanam
418 3578 522 3636 portam
537 3566 628 3629 cunti,
643 3590 655 3612 ι
701 3566 872 3619 Bibliotheca
883 3580 954 3641 certe
968 3568 1060 3636 templi
1074 3570 1148 3620 Pacis
1160 3587 1214 3621 tne-

148 3664 211 3718 quas
223 3665 274 3699 nec
292 3644 396 3698 codices
416 3646 498 3698 nostri
517 3645 593 3697 MSS.
609 3664 659 3697 nec
702 3645 781 3697 minit
791 3645 906 3707 Gellius,
917 3646 963 3697 lib.
975 3646 1059 3711 XVI,
1070 3665 1127 3715 cap.
1140 3648 1166 3699 8.
1179 3649 1213 3699 Η.

150 3726 264 3778 Pintiani
287 3737 457 3797 agnoscunt:
480 3742 529 3776 nec
555 3724 659 3776 riarum
744 3726 792 3795 87.
820 3727 943 3797 Apollinis
963 3724 1067 3777 Susiani.
1088 3724 1215 3778 Sosianum

150 3806 231 3857 Urbis
241 3805 311 3857 ratio
324 3805 431 3875 patitur,
441 3804 569 3856 Lavicaua
583 3816 661 3875 porta
703 3804 811 3875 quidam
823 3806 916 3857 volunt
927 3806 977 3857 ἀπὸ
988 3811 1029 3857 τοῦ
1040 3804 1139 3869 σώζειν,
1150 3824 1214 3875 qna·

149 3885 248 3937 scirco
262 3885 394 3937 Flaminio
407 3884 508 3955 ingenti
521 3882 660 3935 intervallo
704 3883 725 3935 si
747 3888 864 3955 σωτῆρα,
886 3903 939 3957 qna
959 3884 1063 3936 ratione
1083 3885 1215 3961 caetrata

151 3963 507 4034 sejunmamtanimadvertit
514 3961 662 4016 Alexander
706 3962 803 4029 deum,
822 3965 898 4017 victis
913 3962 1076 4026 Arcadibus,
1095 3964 1154 4015 Elei
1170 3982 1217 4018 co·

152 4043 274 4096 Donamus
299 4056 397 4108 noster,
420 4042 454 4095 de
473 4044 541 4095 urbe
559 4043 660 4107 Roma,
703 4042 826 4107 luerunt,
841 4042 966 4095 Pausania
980 4053 1100 4108 auctore,
1112 4043 1159 4097 lib.
1168 4046 1217 4099 vl.

153 4122 200 4174 lib.
214 4124 268 4187 Ill,
285 4140 341 4194 cap.
357 4128 406 4185 14,
422 4141 483 4195 pag.
499 4128 562 4176 261.
578 4121 613 4175 H.
676 4147 678 4150 ·
705 4120 762 4173 Atii
788 4120 886 4175 Sosiani
906 4122 1124 4192 interpretantur,
1144 4127 1218 4195 quasi

194 4202 241 4255 85.
257 4202 417 4254 Pmiteliam
435 4202 501 4254 illam
514 4201 660 4253 antecedens.
706 4200 822 4267 Susiani,
836 4202 908 4255 Susis
921 4202 1032 4253 Romam
1047 4204 1138 4257 avecti.
1149 4204 1219 4257 Vide
