3100 5125
217 483 245 497 ··
314 400 645 588 crrrun
681 405 1022 614 suenum

139 738 670 866 NATURALIS
703 742 1168 882 HISTORIAE

437 1005 645 1096 rnuun
682 1004 897 1094 xxxu

423 1250 924 1288 Μῦθον-κν·-
964 1244 969 1256 “

126 1387 624 1535 1.lllmnn0nun‚quibus
642 1466 723 1536 opes
743 1455 912 1531 constant,
930 1449 1194 1570 agnoscentium·
1217 1484 1229 1518 ι

128 1575 197 1642 que
215 1551 263 1617 eis
273 1547 422 1617 ¹natura
442 1547 585 1618 indicata
607 1549 848 1642 propemodum
870 1564 946 1618 est:
969 1551 1015 1620 ita
1037 1557 1194 1627 connexis

130 1656 250 1739 rebus,
273 1668 312 1724 ut
332 1656 490 1723 immensa
511 1654 681 1722 medicinae
703 1656 801 1741 silva,
826 1653 1118 1791 officinarumque²
1146 1675 1194 1729 te·

126 1762 253 1846 nebrae,
267 1775 301 1828 et
314 1785 445 1829 morosa
460 1745 612 1829 caelandi³
620 1747 856 1856 fingendique⁴,
869 1784 907 1828 ac
920 1751 1080 1857 tingendi⁵
1088 1766 1193 1835 subti-

129 1864 203 1937 litas
222 1865 321 1938 simul
344 1865 542 1936 dicerentur.
568 1868 709 1935 Restant
727 1881 821 1936 terrae
844 1868 945 1962 ipsius
968 1893 1088 1964 genera
1112 1870 1192 1966 lapi·

130 1972 295 2067 dumque,
305 1971 359 2040 vel
371 1973 597 2041 numerosiore
615 1973 697 2042 serie
707 1971 881 2066 ,plurimis
893 1973 1019 2067 singula
1034 2001 1054 2043 a
1068 1978 1193 2048 Graeois

132 2082 299 2180 praecipue
315 2077 539 2146 voluminibus
554 2092 704 2146 tractata.
723 2080 819 2146 Nos
810 2104 844 2146 rn
863 2080 902 2147 iis
921 2079 1116 2170 brevitatem
1139 2107 1193 2152 se·

130 2210 270 2278 quemur
290 2183 430 2252 utilem
421 2172 558 2252 instituti
579 2169 698 2252 modo⁶
700 2183 811 2270 ,nihil
825 2188 1045 2255 necessarium
1064 2201 1121 2257 aut
1134 2213 1192 2257 na·

132 2289 234 2358 turale
243 2304 445 2358 omrttentes
460 2290 487 2374 (1
489 2279 740 2383 ll'rrmumque
751 2290 898 2358 dicemus
917 2317 990 2384 quae
1010 2306 1134 2362 restant
1149 2293 1190 2363 de
1211 2325 1224 2359 ι

130 2398 279 2489 pictura,
297 2410 368 2464 arte
385 2395 552 2489 quondam
572 2395 691 2480 nobili,
713 2410 793 2463 tunc
818 2421 920 2488 quum
944 2411 1188 2491 expeteretura

130 2503 263 2597 regibus
288 2499 500 2621 populisque,
528 2517 562 2571 et
583 2499 656 2591 illos
683 2500 892 2588 nobilitante,
915 2526 1000 2596 quos
1027 2519 1113 2573 esset
1137 2503 1190 2577 dr

127 2608 245 2739 gnata⁷
267 2609 407 2702 posteris
422 2599 575 2676 tradere.
594 2632 683 2677 nuno
696 2632 777 2676 vero
792 2610 827 2675 in
841 2622 950 2677 totum
969 2610 1189 2681 marmoribus

129 2701 251 2808 pulsa⁸,
266 2716 334 2808 jam
354 2713 485 2808 quidem
509 2728 542 2782 et
558 2738 660 2799 auro,
679 2738 741 2782 nec
763 2727 891 2782 tantum
911 2729 949 2783 ut
966 2717 1106 2809 parietes
1128 2718 1191 2787 toti

163 2909 187 2959 Ι.
206 2926 231 2959 r.
248 2906 521 2979 Agnoscenuunqne
498 2926 540 2959 ers.
558 2907 632 2961 Brot.
678 2907 786 2961 Frustra
796 2906 1111 2979 Pintianusuonjioiebat,
1121 2932 1132 2955 ι
1141 2911 1191 2965 uti·

128 3005 157 3039 ex
168 2988 235 3057 Reg.
251 2984 278 3050 3,
291 2990 481 3058 noscendumque
497 2990 522 3038 in
532 2988 574 3038 eis.
591 2985 634 3040 sic
677 2986 729 3039 lem
743 2986 880 3039 instituto:
896 2985 977 3039 modo
988 2988 1056 3041 nibil
1070 3007 1189 3045 necessa·

127 3084 203 3137 supra
219 3064 323 3117 Plinius
334 3065 383 3118 lib.
396 3066 528 3131 xxxm,
541 3083 565 3117 e.
578 3067 631 3119 36:
676 3067 764 3131 num,
778 3077 827 3118 ete.
844 3090 856 3113 ι
873 3066 908 3123 ll,
920 3097 960 3108 —
971 3067 1044 3119 Brot.
1059 3086 1093 3121 ex
1108 3069 1186 3126 MSS.

130 3146 182 3197 εἰη
206 3145 266 3197 auri
291 3157 318 3197 et
336 3144 437 3215 urgenti
456 3144 568 3198 metallis
587 3163 633 3198 na·
676 3146 757 3216 llessss·
779 3166 793 3197 o
814 3158 840 3197 et
859 3143 890 3209 3,
908 3146 988 3199 utilem
1004 3148 1188 3211 institutum

126 3238 234 3277 κωπίω
247 3224 325 3276 etiam
335 3224 504 3294 pigmenta.»
521 3225 573 3276 Eo.
677 3224 828 3288 modo,eto.
844 3224 895 3277 En.
1247 3272 1248 3275 ,

165 3326 191 3359 2.
218 3301 434 3372 Officinarumque.
465 3302 633 3357 Modioorum
718 3322 744 3373 7.
760 3304 828 3372 Quos
843 3315 902 3355 erret
916 3302 1030 3373 dffloto,
1043 3316 1094 3357 etr.
1109 3305 1186 3370 Quo·

126 3384 244 3447 inscitia,
260 3380 296 3433 de
314 3401 367 3453 qua
385 3381 455 3434 libro
467 3401 527 3453 sup.
540 3401 564 3435 c,
581 3382 634 3447 25,
677 3401 737 3435 rum
768 3381 882 3452 effigiem
914 3381 1017 3452 pictura
1045 3384 1186 3443 censuisset

126 3462 300 3523 etxxxrn,
318 3460 473 3515 teum.
678 3460 791 3531 posteris
807 3460 971 3513 tradendam.
987 3462 1079 3516 Hono.
1177 3506 1179 3511 ,

165 3541 320 3596 scalmo.
328 3541 367 3591 Ex
375 3554 494 3613 argento,
506 3540 635 3599 xxxm.
720 3542 748 3593 8.
766 3540 838 3593 Nune
852 3560 910 3592 vem
927 3544 952 3591 in
969 3554 1042 3595 totum
1063 3548 1186 3597 marmori-

126 3620 171 3675 55.
188 3621 288 3674 Clseler.
301 3619 393 3672 lirun.
676 3619 719 3671 bus
731 3620 812 3689 pulsa.
826 3621 904 3673 Nune
917 3638 981 3673 vero
992 3621 1068 3674 cessit
1081 3624 1185 3693 pictura
1247 3680 1250 3685 ,

163 3707 189 3762 4.
197 3699 373 3772 Fingendique.
387 3700 426 3753 Ex
436 3717 496 3763 aere,
504 3698 634 3765 XXXIV,
676 3700 867 3765 marmoribus,
877 3700 956 3751 etiam
968 3712 994 3751 et
1007 3718 1088 3765 auro,
1103 3728 1114 3751 ι
1127 3703 1186 3773 qui·

126 3800 151 3849 9.
168 3781 260 3832 Hrnn.
676 3779 726 3832 bus
739 3780 793 3847 jam
808 3780 921 3849 parietes
933 3780 1089 3843 vestiuntur,
1106 3806 1118 3827 ι
1132 3798 1184 3834 ne·

163 3858 190 3913 5.
204 3860 244 3912 Aa
263 3858 381 3927 tingendi.
400 3857 565 3921 Cinnabari,
583 3857 633 3909 mi·
676 3875 729 3929 que
741 3858 778 3910 ita
794 3859 880 3911 solnm
894 3870 923 3911 ut
936 3858 1049 3929 parietes
1072 3860 1123 3912 toti
1141 3879 1185 3913 so·

123 3936 232 4010 nioque,
245 3937 385 4001 xxxm,
400 3938 435 3993 36
447 3955 485 4007 sq.
501 3938 591 3990 fluo.
677 3937 725 3989 lito
746 3954 879 3991 marmore
900 3938 1051 4007 integuntur
1069 3958 1075 3989 ε
1091 3958 1186 3995 verum

159 4020 185 4069 6.
204 4018 294 4070 Utilem
311 4020 416 4069 instituti
429 4016 507 4069 modo.
524 4015 631 4069 Rationi
675 4017 755 4068 etiam
776 4029 807 4069 ut
825 4017 968 4069 interserto
985 4018 1112 4071 marmori
1128 4038 1187 4091 sega

120 4097 250 4169 propositi
275 4096 364 4150 nostri
394 4093 629 4151 accommodatam.
674 4108 765 4148 menta
783 4096 833 4149 alin
855 4098 1014 4158 inserantur,
1032 4115 1093 4167 quer
1116 4098 1187 4165 reio,
1250 4144 1261 4159 ,.

997 4201 1054 4272 18¹
