3100 5125
288 509 350 576 DE
373 509 473 577 AERE
497 511 555 578 ET
578 511 685 579 EIUS
710 508 1045 578 RECREMENTIS.
1131 504 1200 576 263

121 623 244 676 nomine
260 644 277 678 a
297 625 468 690 Dioscoride,
490 628 595 682 Guleno
616 639 643 682 et
659 627 746 680 Plinio
760 625 901 698 descripto
919 627 1040 692 fuerunt,
1057 636 1083 680 et
1100 643 1159 698 qum
1173 625 1202 678 in

122 715 215 787 Cypri
228 729 330 770 tentum
338 718 455 772 officinis
463 720 568 774 lusoriis
577 719 688 791 reperiri
697 719 929 791 poterunt,eudem
939 718 1048 772 uomina
1057 717 1116 771 aliis
1123 717 1203 772 rebus

48 799 77 838 ἵ
121 803 301 873 assignavere
315 825 322 856 ε
334 804 406 858 uude
420 819 478 861 ortu
489 819 528 861 est
541 808 664 861 confusio
678 808 769 860 mults.

160 891 368 956 (Recentiorum
381 895 504 966 plerique
519 909 607 948 tumen
620 894 756 950 cadmiam
764 895 928 959 foruucesm,
943 893 998 947 site
1017 896 1118 946 turbium
1132 893 1201 948 Offi-

123 978 253 1032 cinurnm
267 981 389 1034 eamdem
398 1002 460 1036 cum
470 982 575 1037 cadmia
585 983 686 1036 tsctuir
696 985 824 1036 Veterum
838 982 1114 1054 pronuntiatoque
1126 1001 1203 1054 pom-

124 1064 267 1138 pholygos
285 1087 408 1139 generos
422 1069 581 1124 Dioscoride
602 1083 759 1134 memoratu,
778 1070 812 1122 nb
830 1069 860 1122 iis
879 1088 940 1141 qun
957 1067 1039 1122 nostri
1056 1069 1138 1140 vulgo
1156 1088 1202 1123 vo·

124 1166 207 1218 cnut,
218 1158 283 1206 nibil
293 1160 475 1227 album,jlsurs
486 1162 518 1210 de
530 1161 600 1220 sim,
610 1169 659 1210 etc.
671 1156 781 1210 differre
791 1155 975 1224 arbitrentur.)

162 1240 280 1296 cadmia
301 1245 489 1298 Recentiorum
506 1266 513 1296 ι
532 1243 635 1298 cadmia
659 1246 796 1298 fornacum
811 1243 964 1314 Agricola:
985 1243 1071 1296 tuthia
1084 1242 1203 1315 vulgaris

125 1327 213 1381 offic.
226 1348 284 1382 nou
296 1332 389 1403 cupri,
398 1332 447 1386 sed
460 1333 602 1386 aurichalci
617 1343 813 1386 recrementum
828 1343 881 1394 est;
894 1350 941 1384 seu
956 1331 1045 1402 potius
1062 1343 1104 1384 est
1114 1349 1202 1384 recre-

125 1429 251 1469 mentum
269 1419 366 1490 lspidis
384 1421 551 1474 oslemiuaris
569 1440 631 1474 cum
645 1437 729 1492 cupro
743 1420 809 1483 fusi,
822 1437 905 1492 quum
918 1431 1036 1472 ceterum
1050 1417 1155 1472 cadmia
1170 1437 1203 1472 ex

126 1503 189 1556 solo
203 1524 290 1575 cupro
304 1506 448 1560 oriebatur.
461 1509 561 1561 Tutbiu
574 1508 662 1579 itsque
675 1508 845 1562 officinsrum
863 1520 902 1562 est
914 1507 980 1578 lepis
997 1506 1165 1559 culuminsris
1175 1524 1206 1558 ex

128 1610 183 1643 are
194 1592 255 1644 fuso
266 1595 426 1647 sublimatus
436 1596 471 1648 sd
481 1596 642 1667 superiorem
653 1596 770 1649 foruscis
780 1609 898 1667 purtem,
912 1593 959 1646 ubi
971 1592 1004 1646 ad
1016 1595 1112 1648 ferrers
1120 1593 1206 1647 hostes

129 1680 284 1732 concresmt
297 1680 325 1732 in
336 1694 450 1735 crustum
464 1681 589 1746 denum,
601 1702 662 1754 que
677 1697 770 1755 posteo
782 1683 914 1738 excutitur
931 1682 957 1733 in
972 1681 1084 1734 frustula
1096 1680 1206 1734 semitu-

130 1765 237 1828 bulets,
249 1769 376 1821 orborum
383 1771 525 1824 corticibus
533 1771 644 1835 similia,
655 1771 845 1837 souors,iutus
856 1770 942 1831 luriu,
952 1769 1090 1832 sublmen,
1099 1781 1207 1822 externe

131 1855 252 1924 penulis
271 1856 417 1910 admodum
438 1859 550 1912 minutis
569 1878 729 1930 conspersa,
748 1859 840 1912 colore
863 1858 969 1910 sinemo
991 1855 1156 1928 aliquantum
1172 1856 1207 1909 ud

132 1943 278 1996 ceruleum
292 1957 425 2016 vergente.

168 2030 271 2084 Tutbis
289 2031 356 2084 iuter
379 2032 540 2104 ophtalmicn
560 2034 676 2088 remedia
696 2035 875 2106 prestantium
896 2033 1206 2106 recenseturssbstergit

134 2119 221 2180 enim,
232 2132 261 2172 et
275 2121 387 2175 exsiccet
396 2123 453 2174 siue
465 2140 565 2175 morsu.
573 2122 653 2176 Unde
667 2123 695 2177 in
707 2122 861 2176 hulceribus
875 2139 977 2175 cornere
989 2121 1093 2176 adnutu
1107 2123 1134 2174 et
1147 2123 1204 2192 pul·

134 2207 280 2276 pebrarum
298 2208 409 2262 feliciter
427 2210 614 2281 prescribitur,
633 2210 661 2262 in
680 2210 820 2262 oculorum
840 2209 957 2280 pruritu,
982 2209 1010 2262 iu
1033 2208 1205 2281 opbtbulmiis

135 2295 300 2357 inveteratis,
312 2309 338 2350 et
353 2296 389 2350 ud
403 2299 592 2370 lacrymantes,
606 2299 646 2351 vel
660 2297 793 2351 fistulosos
806 2299 896 2350 oculos
910 2297 1049 2350 sistendos.

171 2385 337 2458 Pompbolyx
351 2400 377 2440 et
389 2386 507 2458 Spodos,
519 2388 561 2441 vel
578 2386 707 2458 spodium
724 2385 888 2440 Dioscuridis
902 2399 927 2438 et
944 2386 1040 2438 Geleui
1050 2387 1078 2438 in
1092 2385 1205 2439 officinis

136 2491 209 2525 nuuc
223 2473 314 2545 ignota
326 2488 397 2528 sunt.
413 2475 582 2530 Dioscorides
599 2491 625 2530 et
638 2476 755 2529 Galenus
769 2486 880 2528 narrent
893 2474 1092 2546 Pomplmlygen
1105 2473 1206 2545 duplici

136 2561 239 2614 ratione
250 2561 348 2615 confici
361 2582 437 2633 posse
451 2584 459 2617 :
474 2564 558 2617 vellit
575 2584 609 2617 ex
623 2564 681 2619 eris
696 2564 805 2617 materie
821 2565 849 2616 iu
868 2564 1023 2617 fornacibus
1040 2562 1115 2630 fuse,
1130 2565 1205 2633 cujus

137 2647 223 2700 favilla
232 2649 261 2701 in
272 2650 487 2705 candidissimum
498 2664 523 2710 et
534 2651 692 2706 levissimum
702 2650 831 2722 pollinem
841 2650 1000 2714 concrescit;
1013 2650 1055 2704 rel
1065 2648 1205 2703 conficitur

137 2754 169 2789 ex
181 2736 287 2789 cadmia
299 2739 356 2791 sola
367 2739 463 2791 eximie
475 2739 584 2793 follibus
596 2738 717 2810 proflatu.

170 2824 369 2899 Pompbolygos
382 2826 438 2879 duo
449 2845 546 2899 genere
558 2826 696 2880 coustituit
711 2826 877 2882 Dioscorides
892 2844 898 2879 ε
912 2844 997 2881 unum
1010 2826 1044 2879 ud
1058 2824 1119 2879 uris
1134 2824 1206 2879 colo·

135 2930 191 2965 rem
204 2933 331 2988 vergens,
340 2917 506 2988 subpingue;
515 2916 627 2969 atterum
637 2916 867 2979 candidissimum,
880 2933 1063 2989 summamque
1071 2916 1205 2971 levitatem

136 3014 255 3056 Melum.

171 3090 295 3145 Candide
313 3095 479 3166 pompholyx
499 3094 545 3156 fit,
558 3095 647 3167 iuquit
668 3096 852 3159 Dioscorides,
872 3095 975 3167 quoties
992 3096 1022 3147 iu
1039 3090 1203 3165 perficiendo

137 3196 204 3243 are,
217 3179 286 3233 fabri
300 3184 507 3251 prestentiorem
522 3184 607 3237 facere
619 3184 748 3247 volentes,
762 3183 886 3237 detritum
896 3182 1027 3237 cadmiam
1042 3182 1205 3235 cumulatius

135 3265 308 3338 insperseriut
322 3269 388 3336 (sire
399 3290 444 3341 per
459 3271 530 3325 bano
542 3271 675 3325 cadmiam
691 3285 784 3325 auctor
801 3270 929 3343 intelliget
945 3288 1041 3324 novum
1056 3270 1203 3331 mineram,

136 3354 191 3406 sire
202 3355 331 3407 factitium
342 3357 485 3420 cadmiam,
495 3378 590 3429 nempe
598 3360 697 3411 metelli
705 3359 850 3427 fuliginem)
860 3380 868 3422 ς
878 3377 938 3410 uum
950 3357 1102 3411 tenuissime
1110 3355 1204 3409 fuvillu

137 3459 195 3513 que
209 3443 317 3513 copiose
326 3446 445 3508 effertur,
454 3447 483 3499 in
497 3439 694 3519 pompholygeu
703 3446 767 3499 coit.
777 3448 811 3499 At
823 3466 885 3499 vero
898 3446 1088 3499 conficiebatur
1097 3462 1204 3516 quoque

140 3549 172 3582 ex
181 3532 236 3583 sola
248 3533 354 3586 cadmia
364 3534 391 3585 in
405 3534 557 3588 fornacibus
566 3535 703 3588 combusto
712 3572 720 3596 ,
730 3554 826 3606 nempe
836 3534 947 3588 minutis
955 3533 1065 3588 cedmie
1075 3534 1205 3607 fragmen·

138 3620 171 3673 tis
179 3621 205 3673 iu
216 3622 304 3693 ignem
314 3626 441 3695 conjectis
451 3625 498 3696 qni
507 3637 568 3677 unte
576 3627 699 3679 serarium
706 3626 811 3698 jreebut
820 3625 919 3677 follem.
929 3626 1020 3697 Egesta
1030 3622 1099 3677 euim
1111 3623 1202 3677 suffitu

139 3710 223 3763 tenuis
237 3712 355 3765 materie
367 3731 427 3783 pers
440 3725 466 3765 et
482 3712 560 3777 levis,
575 3732 679 3766 camera
696 3714 730 3766 ad
747 3714 799 3768 boc
818 3725 908 3784 purete
925 3712 1069 3785 excipitur.
1087 3713 1121 3763 tr
1140 3727 1205 3762 vero

138 3800 209 3866 quod
218 3797 357 3850 reflectens
366 3798 397 3851 in
407 3799 589 3872 perimentum
599 3799 734 3854 recidebat
742 3840 750 3864 ,
758 3798 856 3875 spodos
866 3813 905 3852 est
916 3818 962 3851 reu
975 3797 1110 3870 spodium.
1119 3796 1206 3867 Nigri·

139 3896 179 3936 cut
187 3898 213 3936 et
224 3886 382 3958 plerumque
392 3886 557 3958 ponderosus
573 3900 629 3951 est,
645 3900 713 3941 terre
725 3901 750 3941 et
763 3887 890 3959 spurcitie
905 3888 932 3939 iu
946 3873 1113 3941 ec‘ervstione
1123 3884 1206 3936 refer-

139 3983 203 4024 tum.
223 3974 257 4025 Et
277 3994 368 4027 revera
382 3988 438 4027 eret
453 3976 529 4047 qussi
543 3990 750 4049 purgamentum
760 3975 913 4048 quoddam,
926 3973 999 4048 quod
1009 3974 1042 4027 ab
1052 3971 1205 4026 oratiarum

139 4060 305 4115 officinarum
317 4062 475 4134 perimentis
483 4076 510 4117 et
520 4064 826 4132 tornodorensium
839 4064 913 4117 unde
920 4061 1018 4135 spodos
1027 4058 1207 4133 pompholyge

140 4148 215 4221 bruge
227 4148 346 4205 deterior
358 4154 521 4207 censebatur.

1042 4237 1100 4334 172l
