3100 5125
490 537 645 610 ciana
676 542 855 629 xxxta
1131 542 1200 638 473

148 679 232 746 Vitia
253 677 287 745 in
304 677 359 762 iis,
381 697 521 744 comeus
543 672 709 749 colorant
728 673 907 759 candidus,
931 689 965 742 et
980 674 1138 770 quidquid
1160 679 1201 746 si·

146 784 218 853 mile
234 784 322 850 vitro
340 795 398 850 est.

192 892 289 958 XIII.
303 886 440 956 Paulum
455 886 576 958 distare
590 886 633 954 ab
647 910 688 954 eo
703 887 737 954 in
752 900 997 981 unguentorum
1010 886 1089 957 fide¹
1105 888 1199 958 multi
1222 919 1232 951 ι

144 997 344 1078 existimant,
358 992 525 1088 Lygdinos
538 995 572 1060 in
586 995 670 1061 Paro
686 1006 835 1088 repertos
843 991 873 1082 ¹²:
888 993 1117 1087 amplitudine,
1135 1019 1202 1089 qua

143 1101 249 1170 lances
262 1115 469 1193 craterasque
486 1124 556 1167 non
573 1098 752 1186 excedant,
771 1113 868 1168 antea
883 1124 925 1168 ex
936 1101 1056 1169 Arabia
1071 1115 1198 1169 tantum

143 1207 260 1275 advehi
278 1205 410 1293 solitos,
427 1204 579 1274 candoris
594 1205 712 1273 eximii.

191 1315 337 1406 Magnus
353 1326 386 1380 et
403 1296 553 1379 duobus³
576 1311 749 1380 contrariae
766 1311 853 1380 inter
870 1335 904 1380 se
924 1325 1049 1380 naturae
1071 1313 1200 1382 honos:
1221 1365 1234 1396 ,

143 1417 320 1488 Caralitico
329 1419 364 1485 in
373 1418 449 1486 Asia
462 1404 623 1511 reperto⁴,
631 1441 793 1503 mensurae
807 1441 874 1486 non
885 1415 971 1486 ultra
979 1417 1056 1486 bina
1072 1420 1200 1505 cubita,
1226 1433 1229 1438 '

141 1524 282 1594 candore
300 1525 451 1616 proximo
466 1523 577 1611 ebori,
591 1537 624 1592 et
639 1522 780 1616 quadam
796 1521 1014 1592 similitudine.
1028 1525 1056 1592 E
1068 1523 1199 1594 diverso

139 1633 231 1725 niger
249 1644 300 1700 est
316 1615 555 1698 Alabandicus⁵
576 1644 671 1698 terrae
694 1653 761 1698 suae
781 1633 931 1712 nomine,
956 1654 1144 1724 quanquam
1167 1646 1201 1700 et

138 1734 243 1833 Mileti
259 1760 410 1820 nascens,
431 1735 473 1803 ad
494 1757 674 1830 purpuram
694 1750 804 1803 tamen
831 1736 934 1829 magis
953 1750 1088 1830 aspectu
1105 1735 1201 1808 dccli·
1286 1747 1290 1756 '

138 1856 246 1911 nante.
266 1842 426 1936 Idemque
442 1841 585 1935 liquatur
602 1843 689 1935 igni,
712 1866 751 1910 ac
769 1841 919 1909 funditur
935 1841 977 1909 ad
998 1867 1093 1910 usum
1112 1844 1200 1910 vitri.

136 1948 321 2018 Thebaicus
339 1950 564 2027 interstinctus
577 1949 684 2016 aureis
693 1949 801 2041 guttis
811 1933 837 2030 ⁶,
853 1949 1022 2016 invenitur
1037 1949 1070 2016 in
1083 1948 1201 2018 Africae

138 2070 229 2148 parte
256 2055 399 2149 AEgypto
423 2053 616 2148 adscriptae,
636 2053 807 2123 coticulis⁷
838 2053 880 2121 ad
903 2053 1040 2162 terenda
1067 2052 1200 2148 collyria
1311 2067 1312 2070 ’

137 2298 175 2337 tas
185 2285 307 2338 maculas.
318 2285 364 2340 sic
376 2287 438 2355 Reg.
452 2283 548 2351 s,alii.
561 2285 595 2338 ll.
604 2316 645 2328 -
688 2303 717 2356 p.
736 2282 781 2339 ⁵3.
802 2285 833 2338 In
849 2283 943 2338 Indice
962 2285 1092 2339 Cerellios.
1113 2285 1147 2338 Η.
1159 2317 1199 2329 -

136 2365 283 2416 lavatrices.
294 2365 381 2418 Gran.
395 2378 421 2418 st
432 2366 475 2418 tt.
485 2376 546 2417 ante
559 2363 643 2434 Hand.
691 2364 831 2417 Coralitico.
844 2365 917 2416 Brot.
933 2383 966 2417 ex
984 2366 1065 2436 negg.
1080 2363 1157 2417 codd.
1173 2384 1199 2429 1,

137 2446 163 2495 r'n
178 2449 274 2498 vertice.
285 2444 336 2497 En.
689 2464 722 2505 a,
738 2456 791 2496 etc.
807 2444 947 2496 corallitico.
962 2444 1013 2495 En.

173 2523 250 2577 xm.
268 2541 293 2577 1.
310 2525 342 2577 In
355 2521 596 2594 unguentorunsfide.
611 2524 644 2577 In
729 2523 756 2577 5.
768 2523 937 2576 Alabandicus
951 2534 1020 2576 tarroe
1030 2542 1081 2576 sura
1090 2525 1198 2589 nomine,

136 2604 277 2673 ungnentis
297 2622 396 2675 nempe
415 2602 643 2673 incorruptis'din
688 2622 844 2675 quanquam,
865 2616 918 2656 etc.
937 2604 977 2655 Ex
996 2602 1134 2657 Alabanda
1151 2604 1200 2657 Ca·

135 2681 276 2736 servandis.
292 2682 383 2737 Haan.
685 2683 742 2735 aisa.
756 2680 827 2735 Vide
844 2682 994 2754 Agricolam
1013 2684 1060 2735 lib.
1071 2685 1097 2734 V
1112 2683 1199 2736 Fossi-

175 2780 201 2813 s.
219 2762 345 2833 lquines
354 2766 380 2814 in
393 2761 460 2813 Poro
472 2775 585 2833 repertos.
597 2763 642 2815 Li-
686 2762 840 2815 lium.Da1..

134 2839 176 2893 bri
189 2860 282 2893 omnes
295 2840 522 2905 editi‚inTauro.,·
535 2844 599 2913 Reg.
614 2862 644 2911 a,
728 2845 755 2895 6.
787 2842 920 2893 Thebaicus
943 2844 1102 2895 interstinctus
1121 2847 1199 2896 cursis

135 2923 160 2971 in
171 2922 246 2974 Tam.
261 2922 317 2973 Nos
332 2918 411 2992 (post
423 2914 597 2989 salmasium)
611 2940 644 2975 ex
684 2926 769 2991 genis.
785 2921 855 2973 Eum
869 2919 983 2995 lapidem
998 2922 1112 2975 officinas
1126 2940 1197 2993 quc·

134 2998 229 3053 Isidor.
250 2998 341 3071 Origg.
363 3002 444 3063 xvl,
465 3000 497 3064 5,
520 3005 545 3053 in
567 3002 642 3054 Paro.
685 3000 747 3054 dam
758 3019 808 3072 pro
824 3001 951 3053 Armenio
964 3000 1114 3056 ostendunt.
1124 3002 1197 3055 Tbe-

135 3080 254 3132 «Parius
278 3080 360 3150 lapis,
382 3079 485 3150 inquit,
506 3079 644 3151 Lygdinns
685 3081 762 3133 baico
770 3080 878 3145 similis,
893 3080 982 3133 colore
995 3082 1121 3145 ceruleus
1131 3081 1198 3133 ello-

133 3172 328 3229 cognomento:
343 3160 387 3210 bic
407 3157 480 3229 apud
500 3159 586 3213 Paron
601 3162 643 3214 in·
685 3159 758 3213 ditur
780 3178 865 3231 prope
889 3158 1051 3230 Lugdunum
1077 3161 1106 3213 in
1130 3180 1198 3231 pago
1228 3148 1233 3159 ’

133 3236 645 3293 numnaseiturmndeeal’sriusnun·
685 3240 747 3291 Divi
770 3240 836 3293 Belli
856 3236 1020 3301 (Saint-Bel).
1043 3241 1144 3293 Dine.
1159 3272 1198 3283 —-

132 3331 251 3389 capatus.
263 3316 422 3387 Magnitudo
436 3320 505 3389 ejus,
518 3336 578 3389 quas
588 3320 643 3371 lan·
689 3318 954 3373 ttetatcusnsidorus
959 3319 1015 3372 haec
1022 3319 1056 3373 de
1061 3318 1195 3373 Thebaico

132 3414 173 3450 cea
192 3410 360 3468 metumque
378 3416 434 3450 non
448 3396 572 3451 ucedat:
590 3418 641 3451 un·
684 3397 774 3469 lapide
796 3399 896 3470 pariter
917 3398 1029 3451 totidem
1052 3399 1141 3452 verbis
1167 3417 1197 3452 nc

131 3477 234 3545 quentis
243 3490 269 3530 et
281 3478 338 3547 ipse
349 3488 434 3547 aptus.
449 3502 460 3525 ι
475 3477 639 3550 Hesychius:
684 3478 792 3548 syllabis
803 3478 854 3530 loc.
868 3478 913 3531 cit.
927 3478 1019 3531 Haan.

131 3552 227 3627 Δόγδος
238 3559 334 3615 λίθος...
350 3559 362 3609 d
376 3562 477 3626 Πάριος.
487 3555 577 3611 llaan.
727 3575 755 3627 7.
784 3556 901 3609 Coticcla's
924 3558 960 3609 od
978 3557 1074 3609 terenda
1096 3558 1197 3630 collyria

171 3636 198 3689 3.
214 3637 322 3707 Magnus
338 3647 363 3687 et
374 3636 473 3688 dnobus.
487 3635 641 3689 Subintelli-
685 3638 758 3708 quad.
772 3638 886 3689 utilitate.
900 3638 1019 3703 Praebet,
1033 3638 1135 3709 inquit.
1152 3637 1197 3689 hic

130 3732 177 3784 ge,
191 3715 325 3786 lapidum,
338 3716 394 3768 sive
410 3734 573 3769 marmorum
595 3736 641 3788 ge·
684 3716 752 3787 lapis
764 3717 892 3769 coticulas
906 3736 968 3769 usus
987 3717 1090 3781 eximii,
1110 3714 1142 3767 ad
1159 3729 1197 3768 te·

129 3795 246 3848 neribus.
259 3796 351 3848 lIaan.
684 3795 767 3849 aenda
791 3795 911 3865 collyria.
939 3797 982 3849 Sic
1008 3796 1070 3848 libri
1089 3813 1196 3859 omnes,

170 3881 197 3938 4.
217 3876 349 3927 Coralitico
367 3880 393 3926 in
406 3876 470 3927 Asia
484 3886 582 3945 reperto.
601 3877 642 3929 De
685 3874 765 3928 etiam
780 3875 858 3928 MSS.
871 3874 915 3927 Sic
929 3888 956 3928 et
968 3873 1062 3927 Isidor.
1080 3874 1131 3927 loc.
1150 3874 1195 3927 cit.

131 3952 287 4019 Coralitico,
300 3953 517 4025 Alabandicoqne
532 3954 642 4007 totidem
686 3955 828 4008 Salmasius
841 3968 928 4007 tamen
941 3955 968 4006 in
980 3954 1063 4006 Solin.
1075 3972 1102 4023 p.
1115 3954 1197 4018 1051,

130 4034 209 4085 verba
223 4034 286 4087 facit
300 4033 397 4086 Isidor.
414 4034 506 4105 Origg.
518 4036 600 4097 xv1‚
614 4035 641 4087 5.
686 4035 799 4085 testiculos
813 4035 865 4103 legi
879 4034 987 4085 mavult.
1009 4034 1089 4085 Cotas
1106 4034 1133 4085 in
1149 4052 1196 4103 po·

130 4110 201 4165 Vide
212 4125 238 4165 et
251 4112 375 4167 Marbod.
389 4112 422 4166 de
431 4112 523 4184 Lapid.
535 4127 603 4184 pret.
614 4118 642 4178 8,
684 4112 775 4166 lienclo
788 4131 919 4167 marmore
929 4113 1049 4183 superius
1058 4130 1196 4167 comman-
1276 4172 1279 4181 Ι

132 4202 157 4242 et
179 4193 287 4245 Aetium
311 4192 346 4245 de
370 4194 409 4245 ne
432 4192 502 4247 med.
527 4196 572 4261 11,
590 4192 641 4258 33,
685 4192 757 4245 davit
769 4193 887 4257 Plinius,
901 4210 959 4263 cap.
976 4210 1017 4245 io.
1031 4192 1120 4245 Hsan.
