3100 5125
505 468 918 614 trnnnxxxv„
1137 519 1205 592 ass
1310 540 1315 552 ·

149 671 262 716 verum
288 648 388 716 etiam
413 647 451 716 in
475 670 589 716 omnes
624 662 728 717 terras
756 649 858 735 misit,
876 662 915 718 ut
937 665 1114 743 presentes
1137 678 1208 724 esse

149 754 268 847 ubique
289 767 323 821 et
340 751 449 821 claudi
465 738 643 846 possent³⁹.

197 861 264 926 Ill.
283 846 367 950 (ιιι.)
385 861 430 927 Et
446 858 512 927 boc
530 857 661 952 quidem
677 856 791 928 olienis
810 857 864 928 ille
885 862 1043 955 praestitit.
1063 864 1206 934 Suorum
1227 893 1240 928 ι

147 982 227 1034 vero
245 962 380 1059 clypeos
398 965 432 1031 in
450 988 544 1033 sucro
562 963 614 1034 vel
629 963 763 1060 publico
784 967 938 1059 privatim
957 967 1067 1037 dicare
1082 970 1208 1064 primus

148 1071 288 1139 instituit
317 1062 375 1155 (ut
390 1064 538 1163 reperio)
562 1071 690 1164 Appius
709 1069 896 1159 Claudius',
915 1075 970 1167 qui
994 1072 1107 1143 consul
1131 1101 1207 1146 cum

148 1174 286 1244 Servilio
306 1174 370 1243 tuit
391 1198 479 1244 anno
499 1176 600 1245 Urbis
625 1199 741 1247 cccix·
756 1178 870 1268 Posuit
896 1178 983 1246 enirn
1006 1181 1041 1248 in
1067 1178 1209 1253 bellonae
1296 1209 1301 1218 ·

147 1278 232 1373 ecde'
256 1281 398 1373 majores
419 1304 497 1351 suos
521 1306 530 1348 τ
558 1279 747 1376 placuitque
770 1283 805 1350 in
831 1281 959 1352 excelso
988 1287 1148 1380 spectari,
1174 1300 1208 1357 et

147 1385 260 1455 titulos
282 1387 449 1454 honorum
475 1385 548 1480 legi.
570 1389 701 1458 Decora
722 1411 797 1475 res,
821 1375 953 1482 utique³
974 1392 1001 1459 si
1027 1389 1222 1462 liberorum'
1249 1419 1255 1432 ·

146 1490 293 1586 parvulis
319 1490 517 1586 imaginibus
538 1516 598 1561 cen
627 1492 742 1562 nidum
769 1492 911 1587 aliquem
939 1494 1061 1566 sobolis
1084 1500 1209 1592 puriter

147 1598 299 1667 ostendat
321 1623 330 1664 ι
352 1595 465 1692 quales
485 1595 618 1693 clypeos
642 1624 741 1668 nemo
764 1624 834 1668 non
856 1600 1004 1694 gaudens
1027 1601 1207 1698 favensque

145 1727 180 1772 ns
204 1704 270 1772 icit.

181 1730 259 1876 ΡΝ.
274 1810 353 1877 Post
366 1833 442 1877 eum
461 1809 510 1876 M.
525 1807 704 1894 AEmilius¹,
722 1808 849 1906 collega
861 1813 895 1880 in
905 1810 1076 1882 consulatu
1091 1815 1208 1904 Quinti
1229 1843 1241 1879 ι

146 1915 291 1997 Lutatii,
316 1939 384 1983 non
407 1915 441 1982 in
463 1912 717 1984 basilica¹modo
738 1915 902 2002 AEmilin²,
922 1941 1038 1988 verum
1061 1934 1095 1988 et
1118 1920 1209 1990 domi

148 2045 213 2088 suae
229 2020 357 2114 posuit,
370 2018 405 2087 id
420 2044 552 2115 quoque
566 2022 690 2090 Martio
701 2008 879 2116 exemplo³.
895 2024 1004 2093 Scutis
1016 2026 1117 2112 enim,
1131 2051 1209 2120 qun·

186 2135 235 2203 39.
255 2136 295 2187 Et
313 2135 397 2187 claudi
413 2148 518 2206 possent.
538 2135 656 2201 Quidem
700 2135 765 2189 dnm
782 2137 895 2210 eliquem
908 2137 1211 2213 sobolissquuclypeo·

69 2232 74 2241 ·
146 2214 223 2267 MSS.
251 2215 338 2287 nbiqsss
360 2215 426 2267 endi
447 2227 553 2286 pacet.
575 2216 655 2270 Male.
699 2234 761 2272 rum
778 2216 861 2270 forme
882 2231 920 2272 est
934 2218 1123 2289 jucundissime
1142 2222 1209 2276 risu.

148 2293 240 2347 Claudi
254 2293 300 2346 bic
314 2306 368 2359 est,
380 2294 408 2347 in
426 2293 594 2347 bibliothecis
611 2292 658 2348 de·
700 2294 735 2347 Η.
749 2327 790 2338 -
803 2295 833 2349 Ss'
850 2295 976 2350 liber-onem
989 2299 1105 2368 parvulis.
1124 2300 1209 2354 Gron.

146 2373 242 2432 sineri,
261 2374 405 2438 mereri,
422 2371 524 2428 includi
537 2374 657 2427 virorum
700 2386 727 2427 et
741 2373 861 2428 Abante
876 2375 959 2444 Herd.
969 2381 992 2428 si
1000 2377 1127 2430 librorum
1140 2380 1210 2434 turbu

146 2470 312 2506 summorum
325 2451 452 2524 imagines
467 2472 474 2504 s
488 2453 535 2526 qui
551 2470 605 2523 ops
617 2453 658 2525 pi·
697 2453 825 2524 parentis,
840 2465 890 2507 etc.
907 2457 960 2508 En.

146 2545 228 2585 etum
248 2550 307 2585 non
330 2531 414 2585 modo
437 2551 492 2586 esse
516 2527 658 2604 presentes
741 2532 829 2587 1v.1.
844 2533 882 2587 Μ.
895 2534 1021 2587 AEmilr'rss.
1036 2535 1077 2589 Μ.
1090 2537 1211 2592 AEmilins

146 2612 246 2683 ubique
271 2609 385 2664 subinde
414 2614 536 2683 possint:
557 2612 603 2666 sed
631 2620 658 2666 et
700 2610 830 2683 Lepidus,
854 2612 950 2685 Lepidi
972 2615 1103 2669 triumviri
1129 2631 1211 2689 poter,

145 2690 223 2744 simul
232 2691 333 2761 ubique
341 2689 437 2744 cnudi.
445 2691 659 2745 Herm-Class-
700 2690 779 2763 gessit
801 2693 983 2753 constrictum,
1015 2693 1129 2765 Syllanis
1155 2696 1211 2750 lere

146 2770 181 2823 tt
198 2772 273 2822 Brut.
295 2789 328 2823 ex
343 2768 419 2823 MSS.
444 2771 526 2842 Regg.
544 2782 572 2823 et
592 2768 658 2825 edit.
702 2770 867 2841 temporibus
878 2762 950 2839 (nam
963 2773 1106 2845 ecteSyllu
1116 2775 1214 2830 resciu-

146 2849 233 2921 princ.
249 2849 335 2921 ubique
346 2861 372 2900 et
384 2850 450 2901 credi
455 2864 561 2919 possent.
572 2850 626 2903 En.
700 2848 765 2903 dere
774 2862 884 2904 conntns
896 2864 947 2917 est,
956 2852 990 2917 Q.
1001 2851 1106 2907 Lutntio
1116 2854 1212 2909 Catulo

186 2929 236 2980 111,
258 2946 282 2980 1.
297 2930 393 2999 Appius
408 2929 535 2982 Claudiis.
553 2928 658 3000 Appius
702 2941 796 2983 contre
813 2918 967 2999 obsistente)
980 2940 1024 2984 sn.
1040 2932 1076 2984 U.
1090 2935 1156 3003 671.
1172 2934 1213 2987 De

147 3007 276 3061 Claudius
289 3008 418 3073 Sebinus,
431 3010 478 3080 qui
491 3009 566 3080 prius
580 3008 658 3061 Clen·
702 3011 761 3079 ejus
784 3008 860 3062 obitu
882 3008 984 3063 dictum
1005 3022 1044 3063 est
1065 3029 1145 3083 snpra
1165 3013 1212 3067 lib.

147 3088 351 3151 susvocabatnr,
361 3087 440 3157 gessit
450 3088 616 3142 consulatum
626 3105 659 3141 eo
701 3088 772 3151 VII,
787 3106 846 3158 esp.
861 3086 907 3141 36.
921 3090 1012 3142 Henn.

149 3185 283 3219 annocum
289 3167 320 3220 P.
328 3165 441 3219 Servilio
447 3166 545 3220 Prisco.
555 3166 660 3220 Auctor
744 3185 770 3219 s.
779 3167 890 3236 ¹Basilice
899 3168 970 3220 modo
978 3168 1093 3222 AEms'ls'u.
1103 3168 1214 3225 anilics

148 3245 239 3298 Livius
266 3246 305 3298 ΙΙ.
331 3245 363 3297 In
391 3246 547 3317 clypeorum
576 3264 658 3316 porro
701 3245 760 3299 buc
782 3258 858 3300 vetus
881 3246 954 3301 Pauli
977 3248 1079 3313 AEmilii
1100 3248 1164 3314 luit,
1185 3250 1212 3303 in

149 3322 660 3396 ejusmodidedicationibusepulnsdsri
703 3338 796 3397 φιιιηιι
818 3325 901 3379 Urbis
921 3326 1036 3397 regione.
1064 3325 1116 3381 Sed
1139 3340 1165 3381 et
1186 3329 1214 3383 in

149 3405 253 3457 civibus
266 3404 355 3457 solius
367 3402 464 3457 docent
474 3404 661 3475 inscriptiones
702 3421 772 3457 nove
789 3422 915 3476 quoque,
931 3424 988 3478 quse
1002 3406 1031 3458 in
1044 3418 1135 3459 octsss
1149 3407 1214 3472 fuit,

150 3483 250 3554 aliquot
260 3496 377 3549 veteres,
389 3481 461 3555 epod
472 3484 551 3539 Grut.
562 3502 590 3555 p.
602 3489 655 3548 44¹
703 3484 812 3555 clypeos
823 3501 955 3555 eppensos
966 3484 1126 3557 ejuscemodi
1136 3487 1215 3541 luisse

149 3575 176 3615 et
189 3559 257 3632 496.
268 3562 358 3615 Ηιιιι).
703 3562 807 3615 nummi
818 3560 932 3628 docent,
943 3583 1010 3635 quos
1021 3564 1155 3631 xxm,
1169 3572 1215 3632 sil,

189 3661 217 3694 s.
233 3642 265 3693 ln
272 3641 382 3694 Bellone
393 3642 452 3694 ωδε.
463 3641 580 3713 Regione
588 3658 659 3694 none
702 3633 948 3708 hudntnrisurnns,
957 3645 1004 3696 nbi
1014 3640 1049 3695 de
1062 3662 1130 3697 nova
1140 3646 1215 3699 Pnuli

150 3720 247 3773 Urbiss
260 3746 271 3767 ·
282 3719 363 3773 AEdes
371 3721 487 3774 Bellone
495 3738 586 3773 versus
596 3738 658 3790 por-
702 3721 814 3775 besilics
827 3719 955 3776 dicemus.
967 3723 1059 3776 Ηιιιι.

150 3811 201 3851 tans
212 3800 408 3853 Carmentalem
417 3800 565 3853 sentebenc
574 3796 659 3853 sedem
745 3800 772 3852 3.
791 3800 885 3853 Martio
898 3802 1012 3872 exemplo.
1024 3790 1216 3871 Bellico.{Cnre

150 3879 272 3931 columna
297 3877 377 3931 index
397 3880 460 3932 belli
484 3878 624 3932 inferendi.
645 3904 656 3925 ι
703 3878 799 3932 Marcii
821 3880 946 3951 exemplo
967 3881 1155 3950 interpretere,
1183 3880 1217 3935 de

150 3958 180 4011 P.
193 3958 298 4010 Victor.
311 3957 401 4011 Hsnn.
598 3980 601 3985 ·
704 3977 758 4029 quo
771 3958 860 4029 paullo
874 3960 1047 4030 pottagitnr:
1062 3956 1217 4013 sedbellico

192 4037 218 4089 3.
237 4037 385 4109 Utiqudbe
398 4056 473 4103 sune,
484 4038 506 4091 si
516 4037 659 4090 liberorum
684 4037 830 4108 ,exemplo
849 4037 981 4109 intellige,
996 4039 1047 4090 boc
1065 4049 1119 4103 est,
1136 4039 1218 4111 origi·

151 4132 239 4185 perses
261 4116 387 4186 imagines
404 4117 433 4169 in
455 4115 551 4170 eodem
565 4116 662 4189 clypeo
706 4133 767 4169 nem
781 4118 838 4187 ejus
849 4116 911 4169 reis
925 4117 995 4171 bello
1006 4134 1090 4187 usqne
1101 4118 1218 4192 Trojsno

150 4190 264 4266 depicta
282 4196 362 4249 simul
378 4194 519 4252 ostendent
533 4196 609 4269 qussi
623 4196 664 4250 ni·
708 4194 829 4268 petitum.
842 4194 932 4249 Uno.
