3100 5125
358 447 435 548 158'
515 465 521 475 '
624 480 664 546 c.
691 479 854 547 putrui
880 479 987 546 aar.
1016 479 1147 546 uisu

240 693 244 702 ἱ
353 613 542 682 ficationem
567 610 677 694 anni⁷,
712 613 871 704 temporis
894 623 928 678 et
955 597 1037 680 aevi8
1059 635 1094 680 se
1122 605 1222 678 deum
1247 609 1415 680 indicaret.

322 717 474 812 asigna⁹
503 739 635 810 quoque
663 718 847 786 Tuscanica
875 739 935 810 per
962 729 1066 784 terras
1094 714 1254 810 dispersa,
1281 741 1354 810 quac
1381 719 1416 786 in

347 815 489 894 'Etruria
506 822 654 890 factitata
670 845 738 889 non
759 837 810 891 est
831 821 981 891 dubium.
1003 823 1152 890 Deorum
1174 836 1304 890 tautum
1322 837 1416 916 puta·

353 955 426 1000 rem
445 953 483 997 eo
505 927 623 1010 fuisse,
648 929 681 996 ui
696 927 910 997 Metrodorus
930 929 1100 1021 Scepsius,
1124 929 1179 996 cui
1196 951 1418 1021 cognomena

354 1036 484 1105 romani
500 1034 643 1102 nominis
664 1033 742 1102 odio
752 1033 776 1058 ¹⁰
798 1034 938 1103 inditum
960 1047 1029 1118 est,
1051 1039 1189 1128 propter
1214 1033 1281 1102 duo
1313 1032 1417 1102 millia

347 1153 539 1211 'statuarum
546 1137 713 1209 Volsinios
727 1154 932 1234 expugnatos
947 1139 1120 1232 objiceret:
1136 1141 1322 1234 mirumque
1335 1138 1418 1206 mihi

354 1246 496 1328 videtur,
503 1269 606 1340 quum
613 1259 797 1314 statuarum
807 1247 1080 1340 origotamvetus
1088 1243 1224 1334 inltalia
1237 1246 1293 1328 sit,
1306 1243 1416 1338 lignea

354 1354 481 1446 potius,
496 1363 554 1419 aut
571 1349 684 1419 fictilia
700 1350 840 1419 deorum
859 1349 1064 1420 simulacra¹¹
1079 1353 1113 1418 in
1130 1349 1274 1419 delubris
1287 1343 1418 1437 dicata,

322 1478 459 1552 susque
489 1455 531 1524 ad
560 1453 724 1525 devictam
750 1458 881 1543 Asiam,
908 1457 996 1526 unde
1020 1456 1156 1525 luxuria.
1182 1453 1419 1526 Similitudines

354 1562 559 1658 exprimendi
570 1587 644 1656 quas
656 1563 763 1656 prima
778 1562 878 1630 fuerit
889 1564 1000 1656 origo,
1016 1564 1050 1630 in
1059 1587 1098 1630 ea
1108 1559 1239 1657 quam¹²
1256 1561 1416 1656 plasticen

353 1670 465 1740 Graeci
477 1682 617 1752 vocant,
635 1667 699 1735 dici
711 1669 960 1737 convenientius
972 1671 1054 1737 erit:
1070 1669 1190 1737 etenim
1202 1669 1304 1762 prior,
1317 1691 1417 1763 quam

354 1897 532 1971 mannum
540 1896 867 1967 Numa‚quiaiurulacrum
910 1911 935 1950 et
949 1898 991 1950 sui
1006 1899 1132 1968 temporis
1145 1898 1238 1952 luxum
1253 1900 1318 1952 scite
1331 1899 1418 1952 Verre

356 1980 408 2032 hoc
430 1977 579 2040 dedicavit,
594 1994 677 2029 ccccv
692 1975 797 2028 dierum
813 1994 868 2030 esse
909 1975 1050 2042 describit,
1061 1978 1133 2030 list
1149 1977 1183 2030 de
1191 1979 1255 2032 vro
1271 1995 1336 2050 pop.
1349 1997 1418 2032 rom.

356 2057 526 2112 solummodo
543 2057 656 2108 sciverit
678 2055 799 2121 Primus,
812 2056 868 2127 opi·
913 2082 925 2103 .
940 2057 1002 2110 Hec
1016 2055 1079 2134 aedis
1094 2076 1153 2127 qure
1167 2077 1240 2110 nuuc
1255 2071 1311 2119 eet.
1328 2058 1419 2112 multis

356 2157 417 2202 nor,
443 2137 595 2196 Manutius,
621 2135 649 2185 iu
678 2133 796 2188 editione
821 2153 868 2188 sua
906 2137 986 2188 'annia
1006 2150 1067 2206 post
1087 2137 1153 2190 lacta
1173 2137 1419 2208 fuit:quiaomuie

358 2215 866 2286 euni1559,quinquogintamutaritin
910 2215 987 2284 regiis
1011 2217 1175 2286 temporibus
1199 2214 1309 2269 delubra
1336 2234 1418 2288 parra

356 2303 492 2366 sercgrstn.
503 2297 594 2348 Haan.
910 2294 977 2346 lacta
991 2307 1071 2360 suut,
1085 2295 1151 2348 utin
1168 2308 1263 2370 cratero
1275 2296 1418 2368 cultuque

399 2397 424 2446 7.
449 2375 499 2427 Per
520 2373 718 2442 significationem
739 2376 805 2424 uani.
827 2374 868 2426 Ita
910 2387 970 2426 sunt
991 2385 1179 2437 consentanea,
1196 2373 1268 2445 quod
1286 2377 1418 2446 sintpert-

357 2456 435 2509 HSS.
445 2469 472 2508 et
482 2453 546 2508 edit.
559 2454 692 2522 princeps.
705 2453 769 2504 llaec
780 2465 867 2504 tamen
910 2453 1014 2522 pertine
1030 2454 1087 2506 sine
1100 2455 1229 2525 elegantia
1246 2467 1324 2525 atque
1340 2455 1418 2508 casti-

357 2537 501 2590 'l'orrentio
524 2532 699 2603 Broterioqne
719 2530 868 2585 redundare
899 2532 1008 2585 naonis.
1021 2531 1095 2598 Quid
1108 2534 1176 2587 inter'
1186 2534 1234 2586 ltos
1243 2534 1324 2587 lovea
1336 2534 1418 2589 iuter·

246 2672 253 2679 ,
357 2615 498 2679 videntnr3
512 2627 540 2665 et
552 2614 587 2665 ab
599 2612 783 2682 antiquissimo
796 2612 868 2664 illius
910 2612 959 2677 sit,
970 2612 1015 2682 qui
1030 2632 1061 2665 ex
1074 2632 1220 2676 marmore,
1237 2614 1334 2678 ebore,
1348 2634 1416 2667 auro

358 2695 451 2749 codice
464 2697 582 2747 aberant.
596 2692 649 2743 Eu.
909 2690 1077 2755 nunctiant,
1092 2705 1166 2763 potes
1181 2694 1268 2745 auimo
1283 2692 1419 2747 advertere

399 2779 426 2829 8.
440 2774 510 2827 AEvr'.
524 2770 645 2826 Codinue
663 2770 692 2822 in
712 2772 868 2849 Constanti·
910 2784 936 2823 et
957 2772 1054 2823 horum
1076 2783 1225 2842 temporum
1247 2771 1368 2837 divitias,
1391 2785 1419 2825 et

358 2855 466 2923 nopoli,
477 2872 537 2924 pag.
549 2851 582 2902 13
597 2850 812 2921 :bucselrrarr'pa
824 2856 867 2903 τοῦ
909 2850 1017 2903 illorum
1034 2864 1208 2921 paupertates.
1225 2878 1235 2897 ι
1254 2850 1328 2905 Idem
1343 2850 1418 2922 quotl

358 2935 450 3003 χρόνον.
465 2934 556 2985 llauu.
781 2924 784 2931 ⁴
910 2930 1024 3007 Plinius,
1038 2931 1177 2983 Pausaniae
1189 2931 1217 2981 in
1230 2930 1421 2993 Corinthiacis,

401 3030 427 3082 9.
438 3011 517 3081 Signa
527 3028 619 3083 quocies
631 3010 774 3071 Tuscanica.
789 3008 868 3060 Phia·
910 3028 964 3079 quo
989 3009 1050 3063 loeo
1070 3010 1161 3081 templi
1186 3009 1318 3079 Apollinis
1341 3010 1417 3081 Lycii

359 3094 397 3146 las
410 3108 520 3163 quoque
531 3088 658 3142 mecerin
670 3088 767 3139 Tuscia
780 3087 869 3139 clabo-
911 3088 1041 3141 meminit.
1058 3090 1090 3141 In
1106 3087 1242 3141 Arcadicis
1255 3108 1361 3161 quotpre
1374 3106 1419 3141 ee·

359 3186 429 3226 retas
453 3168 544 3224 laudat
569 3167 667 3221 Crities
691 3180 769 3237 poeta
796 3164 869 3237 apud
910 3186 970 3219 rum
1001 3168 1146 3236 imaginum
1174 3168 1309 3221 materiam
1338 3170 1418 3221 luisse

360 3253 455 3305 Athen.
468 3253 494 3312 1,
507 3266 567 3319 pag.
583 3248 616 3300 ad
628 3264 635 3299 :
649 3248 759 3315 Τυρσηνὴ
769 3242 799 3298 dl
812 3266 870 3315 xpe·
910 3244 1419 3317 traditebenuen,cypressummedrum,
1518 3316 1521 3323 ¹

360 3332 558 3401 reizpuelrunoc
573 3330 654 3396 φίιλη.
668 3326 783 3378 Duriore
796 3327 868 3394 signa
911 3344 1052 3396 quercum,
1072 3327 1223 3389 smilacem,
1249 3326 1334 3379 lotum
1356 3346 1363 3380 :
1389 3339 1418 3379 ut

360 3424 388 3463 et
404 3408 557 3462 Tuscanicis
577 3407 712 3476 proxime,
729 3404 765 3457 ait
785 3404 869 3469 Quin·
912 3406 1027 3475 Cyllenii
1050 3406 1175 3459 Mercurii
1200 3405 1279 3459 luisse
1302 3426 1317 3459 e
1340 3408 1418 3459 citro.

360 3491 401 3543 til.
416 3491 485 3548 xtt,
502 3506 550 3545 ιο,
565 3504 593 3555 p.
610 3488 686 3552 894,
699 3498 729 3536 ut
742 3482 869 3555 rigidiora
912 3486 980 3537 Dis.
994 3514 1032 3525 —-
1045 3484 1196 3555 Autfictilla
1210 3484 1306 3537 deorum
1318 3486 1419 3537 sucula·

361 3566 592 3622 luisse'l'uecauica
605 3566 706 3617 innuat.
718 3562 793 3639 Idem
809 3582 869 3635 pag.
912 3584 962 3617 cm.
979 3564 1038 3633 Ipsa
1059 3564 1133 3627 lovis
1149 3565 1248 3634 efligies
1267 3566 1295 3617 iu
1309 3565 1419 3635 Capito·

363 3652 433 3717 892,
442 3659 539 3699 statues
549 3662 644 3715 greces
655 3643 810 3697 Tuscanicis
822 3662 871 3696 an·
911 3644 949 3696 lio
964 3643 1136 3715 a'l'erquinio
1151 3642 1239 3697 Prisco
1251 3642 1335 3697 dicata
1348 3644 1418 3697 ficti·

363 3727 475 3801 tepouit.
486 3727 576 3777 titan.
911 3724 944 3775 lis
965 3712 1037 3789 fuit,¹
1050 3724 1086 3776 itu
1100 3720 1231 3793 prodente
1245 3724 1347 3787 Plinio,
1366 3723 1416 3775 lib.

404 3824 446 3860 ro.
470 3806 609 3873 cogam
624 3822 642 3853 a
661 3806 754 3853 mant
768 3804 870 3854 nominis
897 3803 1027 3886 ‚xxxin
1039 3820 1097 3872 cap.
1110 3802 1154 3865 45.
1169 3803 1257 3855 llann.

360 3888 424 3940 odic.
447 3882 620 3946 Misoromsri,
644 3893 674 3934 ut
697 3879 813 3933 diximus
839 3882 869 3933 in
955 3900 1000 3935 ra.
1023 3883 1102 3951 Quam
1127 3882 1245 3952 plastices
1268 3881 1351 3935 Graeci
1372 3901 1420 3935 su-

359 3980 497 4019 auctorum
513 3960 614 4013 Indice.
628 3960 720 4013 fluo.
912 3972 982 4022 cnut,
1005 3974 1056 4013 etc.
1076 3960 1224 4013 Fictricem.
1246 3962 1296 4015 Ars
1323 3973 1361 4015 est
1385 3980 1417 4013 ex

402 4064 446 4098 rr.
461 4045 555 4111 trgm
567 4043 648 4111 portas
660 4037 801 4107 satficts'ls'a
812 4040 869 4091 deo·
913 4040 1002 4110 argille
1018 4040 1060 4093 rel
1075 4052 1147 4093 creta
1164 4058 1254 4093 rerum
1266 4038 1420 4093 similitudi·

249 4192 251 4197 Ι
357 4143 407 4177 nera
426 4123 562 4176 simulacra.
584 4120 734 4173 Priscorum
747 4118 868 4187 inopiam
913 4138 960 4173 nes
971 4120 1128 4190 exprimens.
1142 4119 1232 4173 llaau.
