3100 5125
255 464 267 479 ’
329 515 401 611 374
609 519 649 585 c.
677 517 841 586 rainu
866 515 971 584 nar.
994 513 1123 582 u1sr.

329 649 466 718 Athenis
477 647 695 742 frequentiam
702 634 739 733 ⁴⁷,
755 671 856 741 quam
874 670 1036 715 vocavere
1051 631 1295 740 Syngenicon⁴⁸.
1307 645 1399 713 Item

328 753 489 823 Achillem
513 755 647 848 virginis
671 753 788 822 habitu
810 739 1184 845 occultatum⁴⁹,Ulysse
1205 750 1396 845 deprehen-

328 861 437 930 dente.
452 864 497 928 Et
514 861 549 928 in
567 883 634 928 una
649 859 782 944 tabula,
803 885 859 930 sex
875 843 1020 956 signa⁵⁶;
1038 881 1168 960 quaque
1184 859 1327 926 maxime
1344 857 1396 924 in·

328 965 467 1051 claruit,
485 987 662 1060 agasonem
684 991 761 1036 cum
774 991 870 1062 equo.
889 965 991 1055 Quod
1005 965 1067 1034 nisi
1086 965 1119 1033 in
1140 964 1280 1057 juventa
1297 962 1399 1032 obiis-

329 1087 393 1155 set,
414 1096 513 1141 nemo
526 1074 557 1142 ei
574 1088 835 1168 compararetur.

278 1199 311 1236 ¹0
383 1181 442 1247 Est
451 1203 573 1248 nomen
586 1193 620 1248 et
631 1178 797 1250 Heraclidi
814 1177 999 1248 Macedoni.
1012 1178 1112 1246 Initio
1130 1161 1256 1246 naves⁵¹
1274 1174 1398 1268 pinxit:

329 1298 494 1380 captoque
514 1309 592 1381 rege
612 1289 732 1355 Perseo
751 1286 898 1355 Athenas
923 1285 1171 1377 commigravit,
1198 1281 1256 1350 uhi
1279 1279 1400 1350 eodem·

329 1405 481 1487 tempore
499 1407 572 1461 erat
586 1392 802 1463 Metrodorus
820 1392 940 1486 pictor,
955 1375 1138 1484 idemque⁵²
1157 1385 1398 1484 philosophus,

329 1545 447 1599 l'ronoeae
471 1546 591 1602 vicinum
618 1547 729 1620 Delphis
758 1547 839 1602 fuisse
876 1567 945 1621 ‘eom
970 1545 1115 1614 occultari,
1139 1542 1173 1598 ad
1195 1561 1286 1614 regem
1310 1543 1399 1613 Lyco·

328 1626 469 1680 Pausanias
486 1626 578 1680 scribit
590 1629 637 1680 lih.
650 1629 685 1682 X.
702 1628 791 1696 l'ersis
803 1627 839 1688 ir·
886 1627 990 1689 medem
1003 1637 1121 1680 oratores
1138 1624 1282 1687 miserunt,
1299 1623 1346 1692 qui
1359 1641 1400 1674 ro-

328 1704 466 1760 rueatihus
476 1706 499 1760 is
511 1707 692 1762 Phoceusibus
713 1707 839 1762 auxilium
884 1719 992 1781 gerent,
1006 1720 1034 1760 ut
1050 1723 1111 1760 eum
1125 1703 1286 1774 adjutorium
1301 1701 1399 1756 Danais

330 1785 400 1843 tulit.
418 1785 598 1857 Phylarchnm
615 1787 774 1840 historicum
788 1805 843 1840 me·
885 1790 1012 1842 mitteret.
1025 1787 1081 1838 ltex
1099 1798 1181 1856 qutun
1202 1794 1311 1854 negaret
1326 1781 1399 1852 apud

331 1877 416 1917 morat
430 1865 587 1918 Plutarchus
596 1866 624 1919 iu
639 1867 735 1931 Muto,
752 1878 779 1918 et
793 1865 840 1919 tib.
886 1887 913 1922 se
927 1885 995 1930 esse,
1008 1876 1163 1937 potestatem
1181 1864 1218 1916 eis
1232 1864 1310 1926 iecit,
1325 1875 1355 1914 ut
1372 1863 1398 1913 iu

331 1942 364 1996 de
376 1940 439 1998 lsid.
452 1964 482 1998 ac
498 1945 568 1998 Osir.
578 1945 675 1999 AElian.
689 1945 841 2010 vernule.
886 1947 957 2020 regia
973 1955 1130 2017 quaererent.
1140 1942 1194 2009 Qui
1209 1961 1290 2013 quum
1305 1941 1402 1995 intelli-

254 2082 258 2092 *
331 2023 424 2076 Anim.
445 2023 493 2078 lib.
508 2025 565 2088 vl,
588 2043 646 2096 esp.
663 2045 708 2095 ²9·
738 2027 842 2078 usam.
887 2044 949 2099 gere
961 2044 1016 2086 non
1025 2036 1145 2096 possent,
1155 2023 1400 2094 quisesseteoaum,

331 2133 371 2146 -
381 2103 552 2174 pastoratum.
569 2103 748 2169 historicam,
764 2117 793 2157 nt
807 2105 844 2157 vi·
888 2108 995 2179 Ulysses
1010 2105 1039 2158 in
1055 2103 1128 2174 regio
1145 2101 1278 2156 vestibulo
1289 2119 1400 2153 manners

331 2180 424 2247 delur,
448 2185 524 2256 cuius
540 2184 569 2237 in
589 2197 728 2238 auctorum
747 2182 845 2238 'Iudice
888 2186 1003 2242 leminea
1011 2183 1115 2256 posuit,
1128 2181 1264 2253 inquibus
1276 2181 1402 2252 clypeum

332 2263 514 2317 meminimus.
524 2265 615 2318 stu.
821 2261 823 2275 '
888 2279 915 2320 et
928 2266 1044 2328 hastam,
1055 2274 1081 2317 et
1094 2262 1181 2316 suhito
1194 2259 1339 2327 tubicinem
1349 2262 1401 2331 jus·

374 2349 420 2413 47.
433 2344 713 2415 Attenusnqmnttaa.
725 2345 799 2396 Brut.
810 2361 844 2397 ex
888 2347 923 2400 sit
941 2363 1050 2408 canem,
1064 2358 1253 2411 armorumque
1268 2331 1399 2409 crepitum

332 2422 408 2476 MSS.
422 2423 505 2494 Regg.
524 2437 551 2476 et
571 2422 689 2477 editione
705 2423 846 2495 principe,
889 2439 916 2480 st
937 2425 1080 2478 clamorem
1100 2421 1159 2474 tien
1176 2421 1263 2490 jussit.
1284 2418 1402 2473 achilles

332 2513 361 2553 st
373 2503 476 2556 Athenis
480 2503 602 2577 frequent.
613 2504 666 2557 Eu.
888 2506 992 2559 hostem
1015 2501 1146 2565 arbitrans
1167 2499 1274 2565 adesse,
1303 2511 1400 2551 restem

375 2582 846 2656 thyngeat'eonAEonsstslsmofflru·
890 2586 1047 2639 muliebrem
1071 2580 1223 2644 dilaniavit,
1246 2590 1327 2650 atquc
1346 2579 1402 2652 cly-

334 2662 547 2718 dommltacum
555 2664 678 2717 Pintiano
686 2663 846 2732 scripsimus,
888 2684 969 2737 peum
990 2676 1017 2716 et
1036 2662 1139 2715 hastam
1158 2659 1279 2731 erripuit.
1295 2660 1335 2711 Ex
1350 2659 1402 2711 hoa

334 2741 406 2814 quod
419 2742 447 2794 in
471 2742 548 2796 MSS.
571 2744 637 2815 Reg.
665 2762 698 2808 s,
717 2742 845 2813 aliisque,
889 2758 929 2799 est
937 2742 1181 2816 agraitumuasqne
1192 2757 1286 2811 operas
1298 2737 1403 2809 Argivis

334 2824 478 2895 {paganicum
492 2821 617 2876 vidimus.
631 2824 666 2875 Et
680 2821 752 2893 quod
764 2822 846 2893 paulo
890 2823 1026 2896 promisit,
1036 2834 1063 2875 et
1073 2822 1172 2874 milites
1180 2816 1374 2890 Myrmidones.
1386 2842 1402 2867 ι

333 2913 395 2973 post
407 2906 520 2969 cagnano
538 2902 638 2973 puriter
655 2902 786 2967 matteum,
804 2903 846 2973 pi·
889 2902 980 2957 Heni).

333 2994 414 3035 mursa
427 2994 610 3052 argumentum
628 2981 748 3035 aflectum
763 2980 845 3035 Num.
928 2982 979 3043 βο.
993 2983 1023 3034 In
1034 3000 1082 3034 aaa
1094 2980 1176 3032 tabula
1191 2998 1233 3031 sec
1242 2981 1323 3048 signu.
1335 2976 1404 3029 Cor·

334 3058 398 3113 item
407 3061 453 3122 38.
464 3060 563 3114 OEaias
570 3060 720 3135 Syngenicon
731 3060 848 3132 pinxisse
889 3076 970 3134 rupte
982 3060 1056 3115 MSS.
1069 3063 1151 3131 Regu.
1165 3079 1191 3124 s,
1205 3057 1232 3124 3,
1244 3070 1271 3110 et
1282 3056 1404 3109 Vossian.

334 3138 442 3193 dicitnr.
457 3139 530 3193 Editi
546 3153 606 3194 ante
622 3160 671 3195 nos
682 3142 761 3206 lihri,
778 3142 849 3211 potr·
891 3147 1009 3213 nesigno.
1023 3154 1047 3194 et
1058 3138 1165 3193 sicedit.
1178 3137 1320 3210 princeps:
1332 3134 1407 3189 uude

333 3238 466 3289 gynaecon,
493 3224 683 3293 aotupnuscls,
711 3238 772 3292 qun
795 3240 847 3274 vox
891 3210 1315 3291 Gron.Vlsigno,velseasigna.
1330 3216 1405 3269 Brut.

336 3299 478 3352 mulierum
496 3299 672 3371 frequentiam
685 3312 771 3353 sonat.
790 3300 825 3353 Η.
890 3322 922 3357 ex
934 3302 973 3355 Cl.
985 3298 1106 3353 Dursnd.
1116 3296 1403 3361 emendatione‚inum

378 3385 423 3449 49.
439 3380 498 3432 Itsm
516 3380 637 3433 Achillem
647 3383 751 3450 uirginis
764 3380 847 3435 habitu
891 3382 974 3435 tabula
983 3382 1087 3449 insigni,
1100 3397 1208 3451 qouque,
1224 3389 1274 3430 etc.
1286 3376 1343 3428 Eu.

335 3460 488 3513 manicatum.
505 3458 601 3513 Narrat
619 3461 689 3513 hanc
708 3460 846 3514 historiam
931 3461 978 3516 51.
990 3460 1065 3512 Initio
1075 3459 1240 3527 conspirauit.
1254 3455 1289 3519 Id
1297 3472 1405 3526 quoque

335 3536 468 3613 hyginus,
481 3540 534 3591 iah.
550 3558 612 3593 xova
632 3562 639 3592 z
661 3566 672 3587 ι
686 3540 780 3592 Thetis
793 3541 846 3594 Ne·
889 3534 1404 3610 dsProtogeuesupcrinsdictum,c.36.

335 3621 400 3683 reis,
420 3636 504 3690 quum
517 3618 597 3673 sciret
611 3619 743 3673 Achillem
759 3620 846 3673 filium
890 3621 980 3675 litun.

335 3718 426 3759 mum.
440 3716 520 3770 quem
538 3717 571 3753 ex
584 3699 664 3752 Peleo
674 3694 805 3764 habehat,
823 3698 846 3751 si
932 3701 979 3755 52.
1001 3696 1153 3751 Metrodorus
1174 3694 1282 3767 idemque
1295 3694 1405 3763 philoso-

335 3777 481 3849 sd‘l'rojam
489 3778 690 3850 expugnandam
698 3778 769 3843 isset,
778 3778 848 3849 peri·
887 3781 960 3852 pilus.
992 3774 1135 3832 Carneadis
1163 3773 1272 3828 auditor
1301 3774 1322 3826 is
1353 3771 1405 3825 tuit

335 3871 440 3923 turum,
452 3859 648 3912 commendavit
660 3874 721 3911 eum
737 3858 765 3911 in
779 3859 848 3911 insu·
891 3859 1019 3923 Athenis,
1033 3867 1064 3910 ut
1083 3868 1177 3910 auctor
1196 3867 1235 3909 est
1256 3853 1352 3907 Cicero
1371 3850 1405 3903 de

334 3936 387 3989 lam
396 3937 497 4009 Scyron
508 3937 543 3991 ad
551 3937 730 4011 Lycomedem
739 3956 844 4009 regem:
891 3940 967 3994 Orat.
981 3938 1008 4003 l,
1028 3956 1056 3990 n.
1074 3935 1120 4000 45.
1137 3936 1177 3987 De
1198 3931 1407 3987 architectonice

335 4034 414 4086 quern
426 4018 471 4071 ille
481 4017 743 4089 interrirgiueslilias
752 4018 846 4072 habitu
889 4018 1009 4090 scripsit,
1035 4030 1066 4070 ut
1094 4016 1122 4069 iu
1147 4026 1285 4068 anctorum
1311 4010 1407 4064 Indice

336 4096 449 4149 femineo
457 4098 590 4164 servabat,
599 4098 846 4151 nominemntato...
890 4098 1014 4169 diximus.
1029 4098 1096 4150 Item
1112 4094 1149 4149 de
1160 4094 1259 4165 poetis.
1272 4104 1302 4146 ut
1313 4103 1405 4144 suctos·

337 4176 431 4229 Achivi
450 4189 537 4230 antem
559 4196 642 4249 quum
657 4178 794 4231 rescissent
807 4176 846 4231 ihi
890 4192 929 4233 est
950 4176 1123 4242 Plutarchus,
1142 4176 1189 4229 lih.
1210 4172 1272 4229 adv.
1286 4172 1403 4243 Epicur.
