3100 5125
340 505 408 578 252
730 511 1013 580 EXCURSUS.

338 626 434 681 dextro
445 626 528 680 literis
541 626 663 699 implexis
671 634 733 680 tm
741 632 842 694 Myrina
857 642 910 692 est,
926 627 953 682 in
967 630 1067 682 Lemno
1079 625 1163 681 insula
1177 627 1285 692 civitas,
1300 627 1334 680 de
1349 645 1403 697 qna

338 714 452 776 Plinius,
466 715 515 778 JV,
531 714 571 767 23.

375 809 400 867 4.
415 802 502 874 Caput
510 799 651 855 Alexandri
659 802 698 855 ll.
711 813 810 856 tectum
823 805 937 875 gulea·)(·
945 807 1140 856 ramanent
1150 808 1304 855 nullutn.
1313 801 1405 854 Victo·

339 890 379 943 ria
393 901 463 944 stans
476 889 592 961 palrnarn
609 890 717 943 sinistra
730 903 829 962 gestat,
842 891 933 945 dextra
951 909 1077 944 coronam
1092 903 1214 944 ostentat.
1232 893 1326 944 Latere
1339 889 1403 942 dex·

339 990 394 1043 tro,
407 979 434 1031 ll
446 996 545 1031 annnrn
559 993 671 1030 oetam
688 978 821 1050 designat.
838 979 880 1033 Ad
901 979 982 1052 pedes
1001 979 1122 1032 Victoriae
1141 979 1167 1031 in
1187 997 1298 1043 corona,
1318 977 1405 1032 literis

339 1065 461 1136 implexis
471 1072 534 1118 m
545 1067 643 1129 Myrina
656 1080 713 1131 est,
731 1079 760 1119 nt
773 1067 905 1140 proxime.
926 1075 1028 1122 Aureus
1042 1067 1087 1120 laic
1100 1085 1226 1122 nummus
1243 1065 1406 1140 perpulcher

339 1164 378 1206 est
390 1152 462 1225 apnd
476 1155 509 1207 D.
520 1172 557 1207 us
567 1155 693 1210 emm.

377 1242 401 1296 ὅ.
414 1243 500 1313 Caput
512 1244 657 1297 Alexandri
668 1244 707 1296 Μ.
719 1245 824 1300 leonina
838 1245 910 1317 pelle.
922 1258 1036 1307 tectum,
1049 1264 1114 1298 nuso
1130 1243 1236 1298 adunco
1252 1256 1279 1297 et
1291 1244 1409 1296 incurvo

238 1359 241 1363 ²
342 1331 380 1398 ·)(·
388 1329 491 1402 Jupiter
499 1328 609 1397 sedens,
619 1331 711 1385 dextra
724 1333 855 1404 aquilam,
866 1333 972 1387 sinistra
986 1333 1086 1386 hastam
1098 1333 1175 1403 gerit.
1190 1334 1285 1385 Latere
1298 1329 1406 1382 sinistro

339 1418 445 1471 nunnni
461 1420 623 1492 epigraphe,
643 1427 848 1475 AAEEAMPOT.
863 1423 894 1475 In
914 1422 969 1475 imo
989 1421 1124 1475 cathedre
1142 1419 1359 1482 intercolumnio,
1377 1418 1407 1473 in

256 1565 259 1573 Ι
341 1505 684 1576 ςυιὴρίῑοηοάοῌίῐῐεη
696 1516 825 1562 eannurn
836 1529 928 1562 nouam
936 1506 1080 1563 Alexandri
1092 1509 1221 1580 designat.
1231 1509 1264 1560 Et
1274 1507 1318 1559 hie
1327 1523 1406 1558 nuut-

340 1609 401 1646 tnus
412 1593 613 1650 tetrsdracbntoe
622 1595 740 1667 pondere
753 1609 907 1669 argenteus,
921 1598 949 1649 in
957 1597 1070 1650 Cimelio
1081 1608 1171 1650 nostro
1180 1593 1332 1648 Pariaiensi.

376 1682 402 1734 6.
416 1679 503 1754 Caput
513 1680 654 1734 Alexandri
668 1682 760 1756 Magni
779 1683 883 1737 leonina
900 1683 968 1754 pelle
980 1687 1125 1750 tectum·)(·
1134 1682 1242 1755 Jupiter
1259 1680 1351 1746 sedet,
1376 1693 1406 1732 ut

339 1767 469 1840 proxime.
483 1776 688 1823 ΔΔΕΞΑΝΔΡΟΥ.
701 1772 796 1823 Latere
811 1772 905 1826 dextro
918 1771 1035 1834 nummi,
1050 1779 1087 1834 Al,
1101 1771 1153 1824 hoc
1164 1781 1217 1835 est,
1233 1788 1303 1822 auno
1316 1783 1407 1837 quarte

340 1859 441 1910 declino.
459 1858 505 1910 Est
518 1856 562 1910 hic
574 1872 713 1932 argenteus
725 1859 816 1914 fortun
830 1859 987 1927 mediocris,
1003 1861 1031 1914 in
1048 1859 1160 1916 Cirnelio
1177 1858 1270 1912 domna
1284 1858 1408 1930 professa

340 1954 437 1999 nostras
450 1947 479 1998 in
492 1946 545 2000 hac
555 1947 671 2001 civitate.

376 2055 402 2106 7.
413 2035 500 2106 Caput
509 2035 653 2090 Alexandri
667 2035 756 2107 Aisgni
770 2036 879 2090 leonina
893 2037 963 2109 pelle
975 2047 1093 2101 tectum
1108 2035 1233 2108 appositis
1245 2033 1279 2087 nd
1292 2033 1362 2086 latus
1375 2033 1408 2100 li·

341 2121 404 2176 teris
418 2130 461 2189 111,
471 2121 524 2177 hoc
533 2137 589 2188 est,
600 2142 672 2178 anno
678 2118 775 2176 lisciano
789 2127 920 2193 octaw·)(·
934 2125 1014 2180 Clara
1027 2143 1088 2178 cnm
1100 2124 1239 2196 pharetra,
1258 2135 1284 2175 et
1299 2121 1407 2174 nornine

341 2216 545 2264 Ammaror.
560 2212 606 2264 Est
618 2231 649 2266 ex
662 2212 774 2266 miniano
786 2231 837 2266 aere
848 2213 1004 2285 perelegans
1018 2211 1091 2285 apud
1104 2213 1186 2266 clv,
1200 2213 1234 2264 Ι).
1248 2212 1408 2266 Bsuuxwr.

379 2298 406 2351 8.
427 2299 512 2370 Caput
528 2298 670 2354 Alexandri
690 2300 782 2372 Magni
801 2300 949 2373 galeatum,
970 2303 1068 2373 absque
1086 2298 1241 2372 epigraphe·
1249 2302 1277 2368 )(·
1288 2297 1409 2350 Victoria

341 2383 539 2440 dextroversum
548 2387 676 2442 incedens
685 2407 813 2442 coronam
822 2401 954 2453 ostentet,
970 2404 1000 2444 nt
1015 2388 1149 2444 victoriam
1162 2388 1263 2442 scilicet
1272 2386 1410 2440 Persicam

341 2472 482 2528 Occidenti
492 2486 517 2527 et
531 2475 697 2529 Macedoniae
709 2477 866 2532 annuntiet:
882 2496 935 2550 qno
948 2478 1005 2550 ipao
1019 2477 1111 2532 dextro
1125 2478 1204 2530 latere
1214 2475 1314 2529 malurn
1325 2473 1409 2526 Puni·

341 2577 419 2630 cnm,
431 2562 488 2617 sive
500 2576 650 2637 granatum,
661 2577 687 2617 et
699 2567 750 2619 snb
763 2585 795 2619 eo
810 2566 887 2620 litera
897 2574 932 2629 A,
947 2585 1006 2640 qun
1015 2570 1123 2635 primum
1136 2565 1241 2639 imperii
1253 2562 1352 2617 Persici
1362 2580 1409 2615 au·

262 2702 268 2716 ,
341 2669 408 2703 unm
423 2649 543 2705 indicat:
561 2672 577 2707 a
590 2666 665 2725 tergo
675 2654 794 2707 Victoria
808 2654 882 2726 quasi
893 2656 1059 2727 relinquente
1076 2655 1177 2709 literam
1192 2662 1229 2715 tt,
1244 2670 1305 2724 qun
1324 2665 1364 2705 est
1378 2652 1407 2705 in

341 2738 448 2793 sinistro
468 2742 571 2793 nummi
593 2741 688 2806 latere,
706 2753 733 2797 et
747 2746 889 2797 uicesimum
900 2742 1060 2807 Alexandri,
1079 2743 1108 2795 in
1124 2739 1280 2795 Macedonia
1296 2740 1409 2811 utique,

340 2845 441 2880 anuutn
462 2826 587 2900 designat.
604 2830 686 2885 Abest
701 2830 844 2886 Alexandri
862 2848 977 2895 nomem
997 2831 1164 2885 existimante
1184 2848 1249 2884 sane
1269 2830 1407 2899 ingenioso

341 2914 454 2985 opilice,
473 2915 568 2969 frustra
578 2934 676 2969 nornen
686 2919 800 2989 apponi,
821 2936 875 2990 quo
888 2930 1007 2990 tempore
1021 2938 1070 2972 neu
1084 2919 1153 2971 alius
1164 2918 1191 2971 iu
1207 2916 1272 2969 orbe
1285 2916 1408 2987 princepe

342 3020 464 3057 nummos
477 3021 511 3056 ex
523 3017 632 3075 argento
643 3005 766 3071 cuderet,
781 3021 875 3076 praeter
892 3006 1092 3062 Alexandrum:
1106 3018 1133 3059 et
1146 3004 1236 3058 omnia
1251 3005 1278 3057 in
1292 3005 1343 3056 isto
1355 3022 1407 3057 nu-

298 3142 303 3155 ,
341 3090 464 3145 misenate
480 3091 614 3144 uictoriam
633 3091 766 3147 Persicam
787 3094 980 3165 praedicarent:
996 3112 1093 3167 nempe
1106 3094 1238 3165 galeatum
1252 3102 1346 3163 caput,
1358 3090 1408 3141 Vi-

342 3178 425 3232 ctoria
438 3192 510 3232 retro
522 3178 661 3251 apposita,
688 3181 898 3254 malogranatum
920 3182 1018 3237 Persici
1041 3180 1145 3254 imperii
1165 3191 1245 3242 nota,
1268 3196 1353 3231 annus
1370 3177 1407 3229 ibi

341 3262 458 3339 deniqne
471 3267 575 3338 primns
590 3286 652 3319 cum
666 3267 792 3323 vicesimo
804 3272 976 3341 compositus.
998 3270 1065 3323 Nam
1083 3268 1186 3322 cuinam
1207 3277 1314 3340 possent
1329 3264 1408 3337 prin·

343 3352 397 3424 cipi
411 3353 454 3407 lna
467 3367 538 3408 notre
549 3357 706 3421 convenire,
723 3367 897 3430 preterquam
912 3359 958 3411 uni
975 3356 1143 3415 Alexandro?
1159 3358 1227 3409 Nam
1242 3354 1408 3425 malograna-

342 3452 402 3493 tam
418 3459 469 3512 pro
485 3440 575 3495 indice
589 3443 665 3512 regni
684 3444 780 3497 Persici
796 3444 834 3497 ibi
852 3462 924 3509 esse,
942 3444 1016 3517 quod
1032 3445 1104 3497 ferax
1118 3443 1213 3496 horum
1228 3441 1363 3493 fructuum
1378 3458 1408 3491 ea

342 3528 416 3599 regio
428 3528 473 3590 sit,
486 3528 560 3582 testis
571 3530 662 3584 efferri
672 3542 757 3602 potest
764 3530 939 3595 Plutarchna;
959 3531 1005 3603 qui
1021 3549 1131 3602 pomum
1143 3526 1296 3601 hujusmodi
1306 3528 1409 3597 magni·

343 3613 436 3667 tudine
449 3616 552 3688 insigne
569 3617 687 3671 oblatnrn
702 3619 784 3671 luisse
793 3619 929 3672 Artaxerxi
950 3618 1031 3673 refert
1049 3618 1077 3671 in
1097 3620 1155 3690 ejus
1168 3617 1236 3679 vitu,
1255 3614 1408 3689 pag.1013.

343 3702 424 3757 Favet
433 3716 458 3758 et
467 3704 632 3770 Herodotus,
646 3707 713 3772 Vll,
729 3726 757 3759 u.
773 3713 817 3771 Aa.
835 3708 883 3763 Est
896 3707 939 3763 hic
952 3726 1077 3761 nummus
1094 3724 1155 3760 sane
1173 3723 1297 3777 perrarus
1309 3722 1340 3757 au
1353 3703 1409 3756 sin-

343 3791 457 3863 gularis,
474 3811 508 3845 ex
519 3807 641 3864 argento,
657 3794 751 3865 primae
762 3795 852 3861 molis,
867 3797 895 3849 in
906 3794 955 3847 hac
967 3796 1074 3849 civitate
1084 3794 1240 3858 Parisieusi,
1252 3793 1279 3845 iu
1292 3792 1409 3862 locuple·

343 3878 445 3933 tissimo
464 3880 574 3933 cimelio
587 3882 621 3933 D.
637 3899 671 3933 nx
685 3880 747 3933 st
759 3900 766 3934 :
780 3900 796 3934 a
810 3900 864 3955 qno
877 3883 1047 3937 numismatis
1059 3900 1209 3955 expressam
1222 3880 1250 3933 in
1263 3897 1327 3934 cera
1338 3880 1409 3931 ima-

343 3966 432 4038 ginem
445 3970 605 4041 accepimus.
1081 3968 1084 3981 ’

379 4072 404 4123 9.
423 4055 509 4126 Caput
523 4056 664 4111 Alexandri
678 4058 768 4129 Magni
784 4058 887 4113 leonina
899 4062 970 4132 pelle
983 4073 1095 4114 tectum·
1105 4062 1138 4129 )(·
1152 4058 1257 4130 Jupiter
1269 4057 1358 4120 sedet,
1378 4066 1409 4107 nt

345 4140 371 4191 iu
386 4143 519 4213 prioribus
530 4146 653 4199 nummis.
664 4146 757 4199 Latere
766 4148 874 4201 sinistro
882 4154 1087 4203 Aaneauaror.
1096 4150 1193 4201 Dextro
1203 4154 1250 4205 K<
1263 4166 1269 4200 :
1283 4144 1413 4203 connexis
