3100 5125
364 529 444 618 688,
484 531 524 600 C.
549 530 704 602 PLINII
729 533 761 600 Ν
769 533 837 599 AT.
864 534 992 601 HIST.
1018 531 1113 601 LIB.
1140 529 1349 601 xxxvtl.

365 666 528 759 contingit
545 666 771 758 procurrentis
798 665 917 757 positio
940 665 973 732 in
993 677 1121 758 partem
1142 661 1372 750 utilissimam,
1401 679 1437 734 et

364 773 450 840 inter
468 785 562 839 ortus
577 794 780 863 occasusque
799 769 940 839 mediam
954 765 988 858 ):
1009 793 1169 862 aquarum
1192 771 1305 862 copia,
1320 795 1435 838 nemo·

367 902 442 944 rum
458 875 665 961 salubritate,
690 877 853 945 montium
876 873 1038 961 articulis,
1057 873 1224 960 ferorum¹
1242 874 1435 944 animalium

335 1005 349 1038 ²
368 984 570 1067 innocentia,
584 979 645 1051 soli
664 980 848 1067 fertilitate,
864 980 977 1074 pabuli
989 981 1151 1056 ubertate.
1172 979 1347 1071 Quidquid
1366 995 1435 1066 est,
1536 984 1537 1010 ¹

367 1113 435 1181 quo
461 1111 574 1155 carere
602 1088 670 1154 vita
692 1111 760 1154 non
783 1087 920 1172 debeat,
941 1109 1104 1188 nusquam
1128 1099 1178 1152 cst
1203 1087 1434 1178 praestantius:

369 1193 497 1288 fruges,
519 1194 651 1277 vinum,
670 1191 757 1277 olea,
776 1191 898 1261 vellera
908 1189 932 1278 ²,
954 1190 1043 1272 lina,
1066 1204 1187 1274 vestes,
1209 1191 1356 1284 juvenci.
1386 1195 1436 1260 Ne

369 1323 470 1392 cquos
488 1299 620 1392 quidem
638 1300 669 1365 in
692 1283 851 1393 trigariis³
871 1298 1016 1392 praelorri
1035 1295 1120 1365 ullos
1139 1282 1348 1366 vernaculis⁴
1367 1300 1436 1365 uni-

369 1405 552 1487 madverto.
579 1401 721 1473 Metallis
747 1405 841 1486 auri,
872 1405 1018 1499 argenti,
1038 1404 1128 1486 aris,
1153 1401 1253 1487 ferri,
1279 1403 1437 1495 quamdiu

370 1509 466 1580 libuit
483 1533 650 1592 exercere,
666 1507 764 1577 nullis
780 1510 898 1578 cessit:
915 1524 949 1578 et
965 1511 1003 1578 iis
1018 1508 1153 1576 nuncin
1173 1531 1208 1576 se
1225 1507 1362 1600 gravida
1377 1505 1437 1602 prb

369 1616 462 1684 omni
479 1615 557 1684 dote
570 1616 681 1716 ¹varios
697 1619 831 1699 succo's,
845 1628 879 1683 ct
895 1615 1030 1708 frugum
1045 1638 1290 1707 pomorumque
1306 1639 1437 1706 sapores

370 1721 488 1790 fundit.
504 1722 556 1789 Ab
577 1743 636 1802 ea,
655 1722 800 1814 exceptis
818 1718 920 1789 lndirc
942 1719 1113 1805 fabulosis,
1135 1721 1288 1813 proxime
1306 1719 1438 1813 quidem

369 1825 519 1895 duxerim
536 1827 749 1920 Hispaniam,
766 1849 976 1926 quacumque
996 1825 1141 1894 ambitur
1158 1825 1252 1896 mari.

409 2007 548 2060 LXXVII.
566 2024 591 2059 1.
603 2005 681 2057 Mont.
698 2005 882 2072 articulissero-
925 2007 993 2060 sium
1013 2006 1042 2058 in
1058 2007 1165 2059 Melam.
1181 2026 1211 2078 p.
1229 2009 1295 2060 161.
1317 2007 1387 2061 Du..
1401 2037 1439 2052 ·-

369 2107 430 2140 rum.
450 2087 481 2137 In
498 2084 632 2138 veteribus
647 2083 749 2154 legitur,
768 2089 881 2136 montium
925 2087 1044 2138 Montium
1056 2086 1174 2138 articulis.
1184 2085 1313 2150 Saltibus,
1329 2087 1438 2141 collicu-

369 2166 495 2219 articulis:
507 2182 566 2235 que
581 2164 615 2215 ab
629 2177 798 2216 externarum
810 2164 882 2216 scili·
924 2165 965 2217 lis.
978 2163 1068 2216 Hrrn.

341 2306 345 2314 Ι
369 2258 411 2300 cet
426 2244 543 2316 gentium
561 2242 659 2312 injuria
674 2241 802 2294 incenium
824 2243 881 2294 vico
968 2262 994 2294 s.
1012 2242 1121 2312 Fruges,
1140 2246 1240 2309 ainwa,
1253 2244 1318 2304 olea,
1334 2245 1440 2310 velina,

369 2325 472 2378 Italiam
486 2318 683 2375 defendunt.1d
694 2321 819 2373 nimirum
832 2335 880 2384 est,
927 2341 1067 2394 ...coequos
1079 2321 1172 2394 quidem
1186 2325 1212 2373 in
1224 2310 1343 2392 trigariii.
1353 2325 1441 2396 'friga-

370 2402 444 2475 quod
455 2401 548 2455 scribit
562 2401 609 2453 lib.
619 2400 689 2464 XII,
701 2418 759 2469 cap.
781 2418 806 2464 r,
818 2399 882 2453 Gal·
926 2402 996 2454 rium
1007 2401 1081 2454 locus
1093 2412 1132 2454 ost
1142 2401 1170 2453 in
1182 2420 1237 2472 quo
1245 2404 1309 2474 equi
1319 2422 1441 2456 exercu-

370 2483 428 2543 lias¹
437 2479 641 2551 inexsuperabili
655 2479 823 2532 munimento
838 2480 883 2531 Al·
926 2493 980 2534 tur.
995 2479 1118 2533 Gloria:
1135 2485 1276 2551 trigarium,
1290 2483 1368 2542 τόπος
1382 2485 1440 2537 ὅπου

281 2559 286 2568 ’
370 2564 445 2635 pium
460 2560 633 2617 memoriae
649 2558 773 2611 tratione
789 2578 882 2630 super·
926 2561 998 2613 ἵπποι
1008 2561 1183 2631 γυμνάζονται.
1191 2561 1283 2632 Vulgo
1298 2567 1441 2634 mancipium

371 2639 566 2697 fundantvide
576 2640 622 2691 lib.
633 2640 769 2705 xxxvl,
782 2657 839 2711 cap.
858 2656 882 2692 r.
927 2658 1059 2694 vocamus.
1072 2642 1107 2692 Et
1118 2640 1198 2709 paulo
1207 2654 1269 2695 ante
1278 2639 1367 2697 dixit:
1381 2664 1441 2695 m

373 2723 479 2788 Dauo,
491 2752 529 2761 -
544 2719 662 2771 Montium
677 2719 794 2770 aniculis.
809 2718 884 2771 Dicit
927 2723 985 2773 tium
996 2720 1121 2785 articulis,
1136 2719 1184 2773 sed
1196 2719 1263 2789 quid
1274 2724 1375 2773 articuli
1380 2744 1441 2775 nce·

373 2799 515 2853 Salmesioc
537 2796 571 2849 ad
598 2798 736 2861 Soliuurn,
756 2816 832 2851 nosse
855 2816 882 2851 ee
927 2803 985 2853 tium
1003 2800 1105 2853 faciunt
1125 2798 1159 2853 ad
1173 2798 1281 2853 leudem
1295 2802 1440 2854 Iuliuiln

373 2881 504 2932 montium
516 2875 610 2948 pedes,
627 2895 700 2929 surae
712 2890 740 2929 et
751 2877 881 2947 scapulas.
926 2876 1005 2931 codd.
1016 2878 1130 2949 antiquis
1142 2877 1257 2950 legitur,
1268 2885 1386 2932 montium
1400 2883 1439 2933 ob·

373 2958 672 3011 articulosreroseuon
686 2974 781 3009 nosce:
796 2956 883 3026 itaque
926 2958 1048 3010 stacrdr'c:
1068 2970 1154 3023 rcctc;
1180 2958 1308 3011 obstacula
1328 2961 1367 3013 ibi
1384 2974 1441 3014 sunt

374 3036 517 3108 legendum
535 3053 605 3096 esce,
619 3037 732 3085 montium
747 3036 884 3089 obstaculis.
928 3037 1438 3109 munimentoetpropugnacula.Ssr.1.

338 3132 342 3141 ·
376 3118 478 3169 Verum
502 3114 610 3168 fallitur.
635 3115 744 3165 Articuli
771 3118 884 3166 montium
970 3115 995 3168 3.
1014 3117 1170 3185 latrigorr'r's.
1188 3118 1228 3170 De
1244 3136 1357 3171 caroea
1379 3117 1441 3171 dixi·

376 3208 440 3248 cunt
451 3214 533 3249 nexus
546 3207 572 3247 et
579 3196 709 3265 junctura
722 3192 819 3263 quibus
835 3194 886 3246 sibi
930 3212 988 3247 mus
1002 3194 1048 3248 lib.
1065 3196 1204 3261 XXVIII,
1217 3215 1277 3268 cap.
1295 3198 1342 3251 52.
1353 3198 1440 3250 litun.

375 3274 490 3328 invicem
503 3272 644 3327 adherent.
658 3270 729 3325 Vide
739 3273 804 3349 Isauc.
816 3273 885 3325 Vos·
970 3279 997 3337 4.
1014 3274 1282 3331 Vernacuiis.1talicis.
1298 3276 1392 3333 Haut).

649 3542 1139 3574 *w-*oau
1149 3562 1167 3571 .,.
