3100 5125
484 526 636 594 LIBER
659 527 862 594 XXXVII.
1136 528 1203 600 631

146 679 169 722 a
185 652 254 724 sole
270 653 482 744 excalfactas,
493 671 561 728 aut
577 657 758 754 digitorum
769 659 904 744 attritu,
915 657 1044 752 paleas,
1062 674 1097 730 ct
1115 659 1210 732 char·

146 774 256 828 tarum
278 759 363 830 solia
373 762 415 830 ad
432 787 468 832 se
485 763 655 858 rapere⁷.

200 858 309 936 XXX.
344 871 417 937 Hoc
455 869 543 938 idern
580 885 614 940 et
642 867 908 940 Carchedonius¹
943 869 1051 940 facere
1079 870 1242 960 dicitur,¹

145 995 336 1065 quanquam
359 972 463 1044 multo
489 974 586 1044 vilior
613 973 788 1070 praedictis.
810 974 966 1044 Nascitur
987 975 1077 1071 apud
1100 979 1209 1048 Nasa-

142 1101 262 1147 monas
279 1080 314 1147 in
333 1081 520 1168 montibus,
535 1095 574 1150 ut
594 1079 710 1150 incolas
728 1094 862 1175 putant,
883 1081 989 1150 imbre
1006 1081 1130 1152 divino.
1153 1086 1209 1152 In·

93 1185 98 1194 ’
142 1185 277 1253 venitur
303 1184 346 1253 ad
368 1209 598 1278 repercussum
623 1186 727 1270 luna,
756 1187 899 1256 maxime
922 1185 1036 1281 plenae.
1063 1188 1208 1258 Cartha·

141 1290 254 1383 ginem
273 1290 440 1384 quondam
464 1292 712 1388 deportabatur.
743 1290 925 1361 Archelaus
952 1307 985 1362 et
1007 1294 1041 1361 in
1055 1295 1208 1388 ,AEgypto

141 1395 234 1464 circa
249 1395 381 1465 Thebas
401 1400 492 1466 nasci
510 1398 628 1479 tradit,
649 1396 799 1491 fragiles,
821 1419 975 1474 venosas,
993 1399 1208 1490 morientibus

139 1499 347 1571 carbonibus
364 1501 495 1572 similes.
519 1504 653 1574 Potoria
672 1528 751 1574 vasa
770 1517 805 1572 et
823 1527 870 1572 ex·
881 1502 946 1571 hoc
970 1501 1098 1596 lapide,
1116 1519 1208 1574 etex

140 1602 290 1698 lychnito
307 1608 479 1677 factitata
470 1611 613 1678 invenio.
633 1610 756 1677 Omnia
779 1623 890 1678 antem
907 1609 979 1678 hoec
996 1632 1117 1706 genera
1130 1609 1208 1679 soal·

139 1725 249 1804 pturoe
267 1715 507 1784 contumaciter
528 1717 701 1800 resistunt,
726 1729 919 1846 partemque
948 1737 1031 1784 cerae
1054 1717 1089 1782 in
1111 1716 1207 1810 signo
1318 1727 1320 1732 ’

142 1831 270 1886 tenent.

195 1925 323 1992 XXXI.
337 1924 511 1994 Ediverso
525 1926 569 1995 ad
585 1926 653 1994 hoc
663 1925 760 1994 sarda
778 1922 967 1994 utilissima¹
971 1947 1070 2018 ,quae
1084 1949 1206 1995 nomen
1227 1958 1239 1994 1

137 2051 218 2096 cnm
237 2028 442 2124 sardonyche
460 2032 727 2101 communicavit.
746 2035 824 2126 Ipsa
843 2053 974 2125 gemma
991 2028 1151 2150 vulgaris,
1167 2045 1207 2100 'et

103 2135 288 2230 οριὶιῃιιιιι
311 2135 487 2205 Sardibus²
511 2152 659 2268 reperta,
680 2136 737 2205 sed
755 2135 1023 2205 laudatissima
994 2159 1083 2204 circa
1101 2137 1205 2230 Baby·
1255 2192 1259 2202 ,

137 2237 392 2335 Ioniam,quurn
408 2229 611 2338 lapicidinae³
629 2241 781 2337 quaedam
797 2243 1014 2339 aperirentur,
1028 2241 1158 2312 haerens
1171 2243 1206 2310 in

180 2491 209 2542 7.
221 2444 320 2537 Patrai,
331 2486 355 2525 et
367 2475 502 2528 mariarum
509 2475 575 2541 solih
584 2478 651 2529 adse
694 2469 776 2535 (onina
791 2473 822 2526 dr
839 2464 967 2542 alliciam),
985 2472 1020 2527 de
1037 2491 1090 2544 qua
1110 2491 1206 2545 snpra,

135 2573 230 2624 rapere.
253 2554 294 2606 De
309 2553 490 2609 Chalcedonio
510 2554 539 2609 id
559 2557 651 2611 llber-
694 2572 752 2625 cap.
768 2554 815 2607 2⁵.
828 2555 880 2608 En.

137 2632 551 2699 tus,Isidorus,Bartholomasus
560 2635 651 2707 Angli·
737 2652 763 2687 a.
782 2634 871 2686 Omnia
886 2644 965 2685 rutena
985 2632 1045 2685 lanc.
1067 2630 1206 2701 Isidorus,

135 2730 200 2776 cus,
225 2708 421 2767 Pandectarius.
441 2715 544 2768 Dauno.
559 2746 599 2757 -
613 2718 652 2768 Et
694 2712 768 2783 Orig.
783 2713 830 2765 lib.
846 2710 1162 2783 xv1,op.13.11nn.

134 2792 274 2843 chartarum
282 2793 358 2858 solia.
374 2793 417 2845 Sic
427 2793 512 2846 MSS.
531 2796 597 2865 fleg.
615 2814 649 2858 a,
732 2792 899 2845 xxx1.1.E
905 2791 1207 2845 diverso...snrduutiliaai-

136 2870 263 2936 colat,
281 2871 345 2925 Fun.
363 2885 390 2924 et
403 2872 568 2926 alii.Tamen
583 2872 649 2926 editi
693 2890 741 2923 rna.
753 2871 795 2925 Ad
804 2872 908 2943 signnm
920 2869 1028 2935 scilicet,
1036 2868 1108 2941 quod
1117 2888 1205 2924 ceram

135 2950 267 3003 hactenns
280 2950 356 3016 libri,
371 2964 398 3003 et
408 2950 543 3017 Isidorus,
553 2971 587 3016 ac
600 2953 650 3006 So·
693 2948 721 3001 in
735 2950 864 3022 signando
877 2949 952 3003 sarda
964 2969 1019 3002 non
1034 2951 1154 3004 munem.
1165 2952 1206 3003 Ita

133 3029 219 3089 linus,
229 3027 386 3097 filmflaan.
692 3027 770 3082 MSS.
790 3029 875 3095 Editi,
894 3031 929 3082 ad
940 3031 1005 3093 Ioec,
1024 3029 1079 3083 hoc
1096 3041 1153 3094 est,
1172 3027 1205 3081 ad
1360 3054 1363 3063 ’

178 3107 267 3161 XXX.
282 3128 306 3162 r.
322 3109 378 3161 Hoc
393 3110 493 3162 identat
513 3110 649 3163 cmloedo·
694 3120 851 3181 utrumque,
871 3106 905 3161 ad
925 3108 1101 3179 sculpturam,
1124 3120 1151 3160 et
1170 3107 1205 3161 ad
1300 3104 1303 3110 ”

136 3189 283 3254 nahasacers
294 3188 394 3254 dicitrar,
411 3210 546 3262 quanquam
560 3190 650 3257 multo,
692 3187 797 3258 signum
809 3190 951 3259 :quoniam
962 3204 1013 3239 nec
1024 3187 1058 3239 ait
1072 3189 1206 3259 ἄγλιιπτος,

135 3280 189 3319 oto.
200 3264 326 3338 Superius
339 3270 392 3339 jam
407 3269 494 3321 obiter
506 3267 649 3335 indicatus,
692 3285 743 3319 nec
756 3286 843 3320 ceram
859 3266 886 3320 in
901 3268 976 3339 signo
989 3264 1098 3321 auferat.
1116 3265 1149 3319 II.
1165 3296 1204 3306 -

135 3365 197 3417 cap.
210 3348 258 3398 25:
273 3346 475 3400 «Garamantici
485 3341 650 3413 carbunculi,
692 3344 782 3399 Sarda.
803 3344 912 3401 Sardum
940 3340 1091 3409 (calce'doine
1116 3342 1206 3417 rouge)

135 3443 206 3495 qnos
218 3439 244 3477 et
257 3424 452 3480 Carchedonios
464 3439 572 3491 vocant,
585 3446 650 3498 pro·
692 3437 822 3478 nostrates
842 3424 990 3497 appellant,
1014 3426 1149 3491 carnotine,
1171 3423 1206 3477 de

138 3516 201 3574 pter
223 3506 386 3575 opulentiam
409 3504 573 3575 Carthaginis
592 3525 648 3559 ma·
693 3522 746 3575 qua
759 3504 837 3557 etiam
850 3522 929 3575 supra
942 3523 1000 3576 cap.
1015 3505 1061 3557 ²5.
1072 3504 1124 3556 En.

136 3602 214 3653 gnus,
229 3609 240 3630 ι
255 3603 309 3654 quo
319 3584 421 3637 scilicet
432 3582 649 3655 deportabantur,
735 3604 760 3638 a.
775 3582 900 3637 Sardibrn.
917 3586 950 3637 In
964 3583 1056 3656 Lydia.
1076 3584 1155 3635 Nunc
1177 3580 1205 3633 in

138 3675 169 3714 ut
182 3682 243 3715 mox
254 3663 310 3733 ipse
323 3663 423 3717 Plinius
434 3664 550 3735 subjicit.
563 3662 649 3717 Isido-
693 3658 814 3727 Sardinia
827 3665 919 3735 proban
935 3676 1006 3716 notas
1019 3662 1127 3734 reperiri
1140 3661 1206 3713 Kir-

136 3742 248 3795 rushac
257 3741 349 3795 iisdem
358 3744 453 3803 verbis,
462 3743 536 3813 Orig.
545 3742 562 3795 l.
570 3743 648 3802 XVI,
694 3742 788 3795 cherua
799 3756 888 3795 noster
896 3742 1021 3801 affirmat,
1035 3738 1131 3793 Mundi
1143 3740 1206 3792 sub-

137 3839 197 3891 cap.
212 3822 244 3874 13
257 3840 284 3874 :r
295 3821 506 3883 Carchedonius,
519 3821 649 3893 hocquod
693 3833 757 3874 terr.
769 3822 910 3886 lib.VlII,
925 3840 983 3891 pag.
996 3820 1042 3873 81.
1058 3819 1150 3871 Hirro.

138 3913 166 3953 et
182 3896 314 3972 lychnites
334 3902 419 3954 Iacere
438 3901 547 3961 dicitnr,
568 3920 651 3972 quan·
736 3898 762 3953 3.
781 3902 860 3969 Quum
872 3900 1016 3971 lapicidina.
1027 3898 1204 3967 Theophrast.

138 3999 218 4051 quana
231 3980 344 4033 multum
354 3982 433 4034 vilior
444 3979 587 4053 praedictis.
599 3982 649 4033 Na·
694 3978 740 4032 lib.
759 3980 814 4051 napi
829 3981 918 4043 λίθων,
932 3998 990 4051 pag.
1007 3997 1023 4048 7
1039 3984 1045 4028 Ξ
1060 3978 1206 4048 Elpinicen-m

138 4059 222 4112 scitur
236 4058 309 4130 apud
323 4060 498 4124 Nasamonas,
518 4072 568 4113 etc.
584 4086 595 4106 ι
615 4058 649 4113 Η.
694 4054 724 4110 di
744 4059 786 4113 nni
810 4055 910 4128 eripdani
932 4056 1133 4127 dicamnpiuor
1157 4063 1206 4109 τῶν

137 4168 179 4178 -
200 4138 384 4202 Carchedonius.
408 4139 492 4193 Nobis
518 4140 651 4192 cnlrddnine
694 4138 899 4207 sarpiunilanu.

998 4234 1061 4316 40⁴
