3100 5125
380 420 468 561 666
647 469 1175 544 c.PL1N11NAT.fflsT.

381 593 502 706 Ind9s⁴
504 662 514 694 ‚
534 632 601 702 quo
625 605 819 721 margaritas
840 627 972 697 quoque
992 603 1060 732 peti
1077 603 1199 672 severis
1226 604 1401 675 moribus
1392 632 1443 675 m-

349 758 363 790 ,
382 716 518 810 dignum
531 727 613 782 erat.
627 714 708 780 llaec
718 711 869 804 proxime
881 693 1069 778 laudatur⁵z
1084 707 1214 778 mollior
1230 723 1359 800 tamen,
1372 737 1445 807 qnae
1542 730 1543 734 ’

382 821 577 914 AEthiopica.
609 816 671 886 Illa
697 815 788 884 nulla
814 815 964 886 scabritie
985 830 1094 885 secat:
1122 815 1230 885 indica
1257 843 1327 886 non
1353 843 1445 913 aeque
1535 869 1538 876 =

383 928 533 1022 laevigat·
561 924 619 994 sed
636 948 677 992 ea
697 922 870 994 combusta
891 921 1050 1017 polientes
1067 945 1232 992 marmora
1250 923 1402 994 fricare
1391 951 1444 1019 Ju-

382 1035 513 1104 bentur.
530 1030 641 1102 Simile
657 1042 691 1098 et
708 1029 820 1098 Naxiae
836 1030 952 1097 vitium
968 1043 1034 1115 est,
1054 1043 1088 1097 et
1108 1015 1263 1123 Coptidi⁶
1265 1055 1365 1124 ‚quae
1386 1057 1443 1100 vo-

382 1155 477 1208 catur
500 1139 664 1232 AEgyptia
692 1138 773 1204 llaec
801 1135 893 1204 fuere
914 1137 1049 1229 antiqua
1074 1159 1195 1254 genera
1223 1137 1444 1208 marmoribus

382 1245 539 1316 secandis.
559 1247 677 1313 Postea
699 1256 829 1337 reperta
850 1255 900 1312 est
922 1265 1021 1310 arena
1040 1266 1107 1310 non
1126 1243 1234 1312 rnious
1251 1243 1442 1338 probanda,

381 1377 423 1421 ex
437 1351 581 1446 quodam
595 1349 754 1418 Adriatici
768 1349 868 1416 maris
883 1347 988 1435 vado,
1002 1363 1083 1417 aestu
1103 1348 1268 1438 nudante,
1289 1349 1443 1418 observa·

346 1481 362 1534 3
383 1459 470 1526 tione
488 1481 556 1525 non
578 1455 673 1526 facili.
700 1458 773 1523 Jam
785 1453 927 1548 quidem
947 1478 1156 1548 quacumque
1177 1479 1278 1523 arena
1295 1479 1409 1525 secare
1427 1483 1443 1526 e

380 1564 488 1634 fluviis
501 1563 656 1632 omnibus
667 1561 757 1629 fraus
766 1560 931 1629 artificum
946 1584 1024 1630 ausa
1035 1575 1107 1630 est:
1126 1560 1215 1656 quod
1230 1561 1441 1657 dispendium

380 1669 561 1738 admodum
570 1670 667 1762 pauci
679 1666 875 1766 intelligunt.
888 1669 1039 1737 Crassior
1050 1669 1138 1736 enim
1154 1691 1255 1736 arena
1264 1667 1442 1738 laxioribus

379 1778 556 1871 segmentis
579 1776 671 1859 terit,
692 1788 726 1842 et
745 1772 819 1868 plus
835 1773 943 1844 erodit
958 1777 1150 1862 marmoris,
1173 1775 1345 1869 majusque
1361 1801 1442 1869 opus

379 1881 549 1951 scabritia⁷
560 1880 711 1975 politurae
727 1877 892 1973 relinquit.
907 1883 960 1948 Ita
972 1896 1069 1950 sectae
1083 1894 1297 1950 attenuantur
1315 1896 1440 1950 crustae.

379 1991 571 2082 Rursusque
588 1986 755 2056 Thebaica
781 1983 931 2080 polituris
955 1985 1236 2075 accommodatur,
1256 2002 1290 2055 et
1310 2011 1386 2082 quae
1404 1987 1441 2056 fit

378 2119 499 2189 eporo
517 2092 642 2188 lapide,
663 2106 722 2160 aut
741 2117 760 2162 e
781 2093 923 2187 pumice.

346 2241 358 2274 ι
431 2203 474 2269 X.
491 2192 584 2287 (vir.)
599 2199 739 2292 Signise
756 2223 922 2268 marmore
936 2197 1113 2294 poliendis,
1130 2200 1333 2294 gemmisque
1345 2201 1441 2268 etiam

380 2305 564 2400 scalpendis
580 2317 679 2397 atque
698 2302 869 2390 limandis,
891 2305 1034 2375 Naxium
1054 2303 1110 2373 din
1128 2304 1254 2399 placuit
1268 2319 1347 2374 ante
1365 2304 1439 2375 alia:

381 2414 427 2479 ita
446 2425 607 2481 vocantur
625 2424 715 2479 cotes
730 2410 764 2478 in
782 2409 912 2506 Cypro¹
924 2409 1030 2481 insula
1048 2415 1175 2504 genitae.
1195 2413 1315 2481 Vicere
1329 2427 1441 2506 postea

378 2522 419 2587 ex
438 2518 593 2588 Armenia
610 2513 742 2585 vectae'.

433 2628 494 2694 XI.
514 2626 720 2691 Marmorum
741 2646 862 2719 genera
879 2638 913 2693 et
929 2622 1055 2694 colores
1070 2649 1137 2693 non
1153 2626 1271 2694 attinet
1284 2622 1397 2692 dicere
1410 2628 1441 2693 in

381 2747 471 2802 tanta
487 2730 624 2799 notitia:
644 2754 705 2799 nec
727 2728 822 2799 facile
841 2744 890 2799 est
910 2754 1105 2801 enumerare
1126 2733 1159 2799 in
1178 2744 1270 2800 tanta
1293 2728 1441 2799 multitu·

284 2838 299 2861 ²
379 2839 465 2907 dine.
486 2839 600 2924 Quoto
620 2838 739 2929 cuique
759 2838 847 2905 enim
868 2835 960 2906 loco¹
979 2862 1047 2905 uon
1066 2862 1163 2907 suurn
1184 2860 1333 2907 marmor
1353 2839 1440 2905 inre·

378 3009 477 3081 glebis,
491 3009 576 3060 lacere
587 3005 683 3077 potio,
696 3018 722 3060 et
733 3004 834 3060 edibus
844 3024 888 3060 or·
931 3009 1028 3067 litura,
1042 3008 1139 3080 qualit
1148 3021 1207 3079 post
1216 3009 1364 3063 sectionem
1375 3028 1442 3063 mar-

379 3086 475 3143 itandis
487 3084 589 3139 idonea.
604 3086 695 3139 Hono.
933 3088 1024 3142 moris.
1043 3088 1133 3141 Euan.

422 3169 672 3232 mmmmm
684 3165 889 3232 bledanensis,
972 3168 1007 3221 Χ.
1030 3186 1054 3221 r.
1071 3167 1142 3221 Cetea
1157 3172 1182 3220 in
1200 3167 1291 3239 Cypro.
1303 3169 1336 3221 In
1352 3168 1441 3240 Cypro

320 3316 327 3322 μ
380 3260 430 3301 etc.
443 3237 887 3316 (sicprius).Scribe,·irnmovero
930 3245 1249 3320 quidemgenltn,sedex
1261 3246 1367 3321 oppido
1379 3250 1443 3301 Cre-

380 3325 511 3390 inlndos‚
520 3344 575 3395 quo
585 3327 737 3398 margarites
746 3326 886 3397 peti,etc.·
931 3340 964 3381 te
970 3328 1053 3391 Nero,
1060 3327 1106 3380 nbi
1116 3327 1202 3399 peruri
1212 3344 1254 3381 ens
1261 3345 1293 3381 uc
1301 3329 1442 3381 concinno·

380 3423 414 3459 ex
429 3418 518 3459 vetere
538 3403 631 3458 codice
646 3424 654 3459 ε
672 3419 700 3459 et
717 3406 806 3459 antini
827 3419 889 3459 ente
931 3408 1103 3473 timonem,
1115 3410 1227 3461 Romam
1235 3405 1442 3461 rdrectminde

379 3484 588 3539 commodiorem
597 3504 660 3538 reor
668 3485 812 3540 lectionem
823 3506 888 3540 seca-
930 3486 1010 3541 nesii
1019 3505 1127 3541 nornen.
1140 3486 1236 3541 Suidm
1246 3504 1254 3538 r
1265 3488 1350 3549 Nolle
1364 3488 1442 3553 taos,

381 3577 518 3635 mquam
526 3565 630 3631 senene.
646 3566 725 3617 Pm.
929 3567 1073 3639 slllpnrwi
1096 3568 1178 3623 dadin.
1201 3566 1281 3630 Νὲξος
1304 3566 1352 3637 γὰρ
1373 3569 1441 3628 πὼς

421 3644 448 3699 5.
463 3644 640 3714 Hmpmi'm
652 3644 775 3697 leudam.
796 3643 887 3699 Indice
931 3648 1042 3718 Κρήτης.
1055 3646 1098 3700 stc
1111 3644 1192 3699 linum
1210 3644 1325 3716 Cypriam
1339 3664 1442 3699 nunon-

379 3736 439 3796 post
444 3724 620 3795 AEtlriopicam
626 3722 748 3796 proxime
756 3722 886 3779 landetur.
930 3727 989 3798 peri
1003 3726 1032 3778 in
1045 3728 1124 3780 Creta
1136 3726 1336 3797 Theophrastus
1349 3738 1441 3781 rumor

379 3802 471 3857 Hono.
931 3818 982 3871 est,
998 3806 1125 3876 quoniam
1139 3824 1171 3859 eo
1183 3824 1198 3857 e
1209 3806 1302 3877 Cypro
1309 3806 1444 3873 translate,

419 3887 446 3938 6.
458 3884 496 3935 Et
509 3882 617 3952 copuda
630 3882 653 3935 E
666 3880 753 3953 Copto
765 3880 890 3938 videlicet
931 3884 1000 3939 Hier.
1015 3884 1099 3939 Plani.
1112 3886 1161 3939 lib.
1174 3885 1224 3949 Ν,
1235 3902 1293 3957 esp.
1307 3905 1332 3938 π.
1348 3886 1440 3941 Huc.

378 3964 487 4034 AEgypu
498 3962 614 4034 oppido.
628 3962 721 4015 Eun.
973 3984 998 4019 s.
1009 3966 1053 4018 Ee
1062 3966 1178 4019 Armenia
1190 3976 1277 4017 uerte.
1287 3963 1393 4019 Laudat
1398 3982 1440 4017 ere

419 4061 446 4110 7.
471 4042 596 4113 Maiusque
617 4060 677 4113 opus
698 4042 824 4098 scabritia·
852 4042 888 4095 Et
930 4043 1129 4116 Theophrastus
1146 4043 1180 4099 de
1195 4042 1359 4117 lapidibus,
1373 4064 1401 4117 p.
1414 4061 1439 4110 9.

377 4120 438 4190 plns
447 4117 547 4174 laboris
560 4120 682 4177 scabritie
694 4122 824 4193 relinquit
835 4140 886 4192 po·
969 4122 1017 4177 Xl.
1035 4145 1058 4178 r.
1084 4127 1166 4197 Quoto
1184 4129 1268 4196 eatque
1285 4128 1348 4177 enim
1370 4126 1438 4185 loeo,
