3100 5125
399 527 403 532 ·
476 523 632 590 tiana
657 519 814 591 xxxv.
1105 520 1177 618 ³⁶9

106 652 335 748 certandoque
352 654 536 724 imitatione
555 652 649 746 ejus,
670 651 714 722 ad
734 653 1038 723 numerosissimam
1056 653 1176 725 florum

107 761 303 830 varietatem
322 759 480 854 perduxit
500 773 605 828 artem
628 757 727 828 illam.
748 761 922 828 Postremo
945 759 1066 853 pinxit⁹
1087 760 1176 830 illam

109 866 278 936 sedentem
301 891 379 935 cum
400 889 544 949 corona,
567 889 678 959 qnaee
699 863 912 934 nobilissimis
935 865 1006 959 ejus
1015 864 1039 890 ¹⁰
1064 865 1177 937 tabula

109 970 276 1066 appellata
291 986 342 1041 est
354 969 668 1066 stephaneplocos¹¹,
680 971 724 1040 ab
739 969 810 1040 aliis
823 971 1085 1066 stephanopolis,
1098 997 1179 1068 quo-

110 1079 198 1148 niam
222 1077 367 1172 Glycera
384 1076 586 1148 venditando
604 1100 745 1147 coronas
767 1091 1010 1148 sustentaverat
1030 1103 1177 1174 pauper-

110 1197 222 1254 tatem.
238 1186 349 1277 Hujus
361 1182 482 1254 tabulae
494 1183 674 1278 exemplar,
684 1182 775 1277 quod
788 1181 1031 1279 apographon¹²
1044 1201 1178 1272 vocant,

111 1292 147 1358 1.
164 1289 328 1360 Lucullus
338 1276 361 1314 ¹³
376 1276 539 1360 duobus¹⁴
554 1289 686 1359 talentis
699 1291 778 1358 emit
787 1291 953 1384 Dionysiis
964 1275 987 1314 ¹⁵
999 1291 1146 1362 Athenis.

161 1397 298 1469 Pausias
315 1411 426 1480 autem
441 1396 520 1466 lecit
532 1410 567 1464 et
580 1393 722 1490 grandes
734 1393 881 1480 tabulas,
894 1398 979 1466 sicut
995 1411 1177 1490 spectatam
1197 1415 1212 1469 3

110 1504 145 1570 in
165 1504 316 1596 Pompeii
340 1503 523 1596 porticibus
550 1501 652 1570 Βουω
675 1499 945 1571 immolationem.
976 1505 1059 1572 Eam
1089 1507 1178 1574 enim

112 1611 276 1702 picturam
292 1611 418 1702 primus
431 1611 576 1693 invenit,
587 1631 687 1701 quam
704 1622 817 1701 postea
834 1609 951 1677 imitati
969 1609 1179 1695 summunt,

111 1716 254 1808 aequavit
283 1739 393 1784 nemo.
428 1717 515 1783 Ante
545 1715 657 1783 omnia
684 1737 786 1808 quum
817 1712 1056 1809 longitudinem
1083 1715 1180 1786 bovis

111 1820 286 1891 ostendere
303 1819 419 1908 vellet,
437 1820 613 1890 adversum
624 1845 699 1889 eum
714 1820 838 1914 pinxit,
850 1845 919 1890 non
937 1833 1178 1892 transversum:

112 1943 145 1996 et
160 1927 294 1997 abunde
311 1925 506 2022 intelligitur
522 1925 716 2022 amplitudo.
735 1928 823 1996 Dein
837 1951 940 2021 quum
954 1950 1087 2013 omnes,
1106 1953 1180 2023 que

112 2033 229 2102 volunt
242 2035 422 2103 eminentia
439 2034 563 2116 videri,
581 2032 788 2102 candicantia
806 2031 949 2115 faciant,
966 2032 1180 2130 coloremque

112 2139 257 2209 condant
267 2124 291 2164 ¹⁶
307 2141 424 2236 nigm:
440 2140 496 2208 bic
510 2153 618 2208 toturn
634 2140 754 2208 bovem
770 2141 834 2208 atri
852 2139 973 2209 coloris
988 2139 1085 2228 fecit,
1104 2167 1178 2210 urn-

112 2247 244 2340 braeque
258 2271 381 2340 corpus
397 2269 438 2315 ex
449 2247 522 2340 ipso
540 2245 630 2315 dedit
640 2269 779 2340 ‚magna
796 2263 932 2339 prorsus
945 2259 1016 2315 arte
1035 2248 1069 2316 in
1083 2273 1178 2342 aequo

112 2354 272 2422 exstantia
281 2352 458 2422 ostendens
467 2366 517 2436 ‚et
526 2354 559 2420 in
572 2351 744 2422 confracto
750 2350 855 2420 solida
868 2349 1022 2421 omnia¹⁷.
1037 2353 1179 2448 Sicyone
1293 2373 1296 2380 ·

112 2458 210 2529 ethic
225 2461 330 2528 vitam
347 2460 433 2554 egit,
452 2458 575 2553 dinque
591 2457 654 2528 fuit
674 2456 728 2526 illa
747 2459 854 2550 patria
869 2447 1017 2552 picturae.
1035 2457 1179 2528 Tabulas

111 2566 184 2635 inde
196 2590 215 2635 e
227 2564 362 2660 publico
375 2590 491 2636 omnes
502 2580 640 2660 propter
653 2589 696 2635 aes
707 2561 851 2633 alienum
867 2564 1010 2635 civitatis
1019 2565 1178 2650 addictas,

112 2674 224 2743 Scauri
242 2657 411 2742 aedilitas¹⁸
429 2674 572 2741 Romam
589 2670 765 2741 transtulit.

111 2826 230 2873 victdoem
243 2820 298 2875 dici
311 2822 401 2892 potins
413 2840 456 2875 ars
475 2832 620 2893 pateretur,
664 2819 814 2872 tabularum
846 2823 1010 2876 ornamentis
1044 2825 1178 2879 llornanos

112 2919 258 2973 quanquam
273 2920 349 2973 egre.
361 2902 454 2954 flauo.
663 2917 756 2953 omnes
768 2899 911 2970 superavit.
927 2899 1017 2955 Haan.

148 3000 176 3050 9.
192 2981 281 3033 rnen
296 2982 373 3032 illam.
397 2982 470 3033 Brot.
491 2998 523 3033 ex
543 2979 619 3034 MSS.
707 2978 1097 3041 14.Duobus.httieisnimirum
1108 3001 1115 3035 :
1126 2984 1179 3055 gal-

113 3061 188 3133 Ilsgg.
194 3072 221 3113 et
231 3058 275 3113 ed.
287 3060 373 3133 princ.
382 3063 465 3130 pinsit
473 3062 558 3136 ipsam.
566 3062 620 3113 En.
662 3058 720 3112 lica
733 3070 847 3113 monete
858 3059 932 3114 libras
942 3074 1003 3113 sunt
1014 3062 1110 3132 9,337.
1124 3062 1174 3117 En.

151 3158 193 3193 ro.
216 3140 288 3210 Ejus.
307 3140 381 3192 llrot.
396 3158 430 3191 ex
443 3139 520 3193 MSS.
535 3142 618 3210 Regg.
706 3136 752 3191 1⁵.
781 3138 914 3211 Daranalis.
946 3140 1030 3193 Festi·
1054 3140 1177 3213 ludisque

113 3218 186 3273 aed.
197 3220 284 3290 princ.
294 3236 387 3272 vocem
398 3219 466 3272 bane
476 3218 556 3272 delet.
565 3220 618 3272 En.
663 3216 845 3290 Dionysiana,
862 3218 909 3290 qui
930 3237 1028 3291 magno
1048 3234 1176 3293 apparatu
1260 3222 1266 3233 '

151 3318 196 3353 rr.
213 3298 423 3369 Stepbaaeplocos.
444 3300 486 3351 Ita
505 3300 569 3369 lleg.
586 3318 618 3364 a,
663 3297 698 3351 ab
726 3296 934 3351 Atheniensibus
963 3300 1175 3355 celebrabantur.

113 3397 163 3432 non
180 3379 402 3450 stephanoplocos:
424 3396 573 3449 quanquam
593 3390 619 3432 et
662 3374 765 3443 Eadem
787 3376 961 3430 Bacchanalia
980 3380 1121 3451 appellata.
1144 3382 1176 3435 ln

113 3458 178 3511 istud
191 3476 266 3531 aeque
276 3476 363 3529 gram
374 3455 480 3511 dicitnr.
492 3463 617 3528 trapam·
661 3456 737 3509 libris
756 3456 885 3509 hactenus
902 3455 993 3521 editis,
1012 3478 1028 3511 a
1046 3460 1175 3534 Dionysio.

113 3538 213 3603 πλόκος,
222 3540 314 3589 taetri:
322 3556 463 3590 coronarum
477 3558 487 3592 .·
499 3538 619 3608 nsrnnm'-
661 3537 698 3587 Δί
711 3534 787 3589 MSS.
803 3536 866 3606 hag.
883 3555 914 3599 a,
929 3550 956 3590 et
969 3538 1100 3608 Ponant,
1111 3541 1175 3593 Dio·

112 3624 200 3681 mne,
213 3617 338 3669 madltris
351 3636 500 3669 coronarum.
516 3617 606 3670 Hann.
660 3618 749 3688 nysius.
763 3613 853 3668 Hann.

150 3715 191 3751 ra.
204 3698 372 3767 Apage-aphau
381 3709 479 3751 mant.
490 3695 570 3762 Quod
585 3693 619 3749 ad
705 3698 751 3749 rs.
766 3693 991 3753 comesuros.
1011 3709 1038 3749 at
1056 3697 1099 3749 Al.
1115 3712 1175 3751 aure

112 3777 389 3847 exemplareffingitnr‚
396 3777 536 3848 ἀπόγραφον
547 3776 619 3831 Gra·
662 3772 747 3828 Hard.
758 3773 873 3826 eondlant
886 3776 968 3842 nigro.
979 3774 1033 3827 En.

111 3854 247 3920 eidicunt,
261 3874 308 3909 une
321 3860 395 3925 copta.
408 3856 501 3909 Haan.
706 3872 749 3924 17.
764 3854 802 3905 Et
814 3856 840 3906 in
858 3854 981 3921 confracto
996 3852 1074 3905 salida
1085 3859 1175 3911 mnia.

151 3934 239 3989 13.L.
254 3935 479 4007 lucullus.1squi
492 3947 552 4007 post
565 3934 620 3987 bel·
662 3933 793 4005 thuum
817 3932 900 3986 veluti
922 3932 1004 3985 fracta
1027 3934 1081 3987 sint
1097 3935 1176 3989 unius

113 4013 164 4067 lum
184 4014 411 4078 Mithridaticum,
428 4033 571 4069 conversus
586 4012 620 4067 ad
663 4014 784 4084 corporis
794 4012 914 4065 membra
923 4013 1028 4077 omnia,
1044 4012 1127 4067 solida
1137 4027 1176 4069 ta·

113 4092 211 4157 otium,
232 4092 345 4149 tradidit
358 4114 385 4148 ae
399 4096 490 4161 luxui,
501 4093 622 4166 magnili·
649 4109 728 4165 'meu
744 4092 835 4145 omnia
845 4089 993 4145 rideantur.
1006 4092 1096 4145 Hann.

113 4173 248 4245 emurque
269 4174 407 4240 ubsrum,
432 4174 567 4246 signam
594 4184 622 4227 et
710 4174 755 4227 ra.
771 4170 861 4226 Seourl
880 4170 993 4224 oedlllraa
1009 4172 1049 4225 De
1065 4174 1176 4244 qualib.

187 4272 250 4339 IX.
313 4350 333 4365 .
1015 4272 1058 4354 ud
