3100 5125
365 585 435 631 aoo
631 563 670 630 C.
697 561 862 630 PLINII
886 561 991 630 NAT.
1019 560 1146 627 HlST.

416 693 618 790 Dahippus⁹⁹
630 695 903 787 Perixyomenon,
917 693 1092 787 Daipbron
1102 691 1149 778 ¹⁰⁰,
1160 707 1194 761 et
1200 695 1430 780 Democritus,

362 815 396 872 et
410 804 565 884 Daetnon,
586 798 811 895 philosophos.

311 917 344 970 38
415 911 585 1002 Epigonus
603 908 714 976 omnia
729 906 798 974 fere
811 904 967 999 praedicta
983 905 1128 972 imitatus
1143 906 1310 998 praecessit
1327 907 1361 974 in
1376 920 1430 974 tu·

361 1014 527 1097 bicine,et
538 1015 634 1083 matri
650 1012 831 1081 interfectae
846 1010 970 1079 infante
982 1009 1208 1079 miserabiliter
1225 1010 1428 1080 blandiente.

364 1117 564 1201 Eubolidis¹,
585 1118 696 1213 digitis
716 1132 923 1212 computans.

414 1222 549 1294 Micon²
572 1224 702 1293 athletis
722 1238 915 1319 spectatur:
936 1224 1158 1316 Menogenes,
1179 1222 1355 1317 quadrigis.

413 1332 483 1398 Nec
502 1332 611 1400 minus
628 1315 826 1400 Niceratus³
845 1331 977 1412 omnia,
1003 1352 1076 1421 quse
1093 1330 1217 1414 caeteri,
1236 1353 1426 1424 aggressus,

360 1438 608 1528 repraesentavit
628 1434 852 1522 Alcibiadem,
881 1433 1096 1528 larnpadeque
1123 1459 1260 1504 accensa
1285 1449 1426 1504 matrem

360 1541 431 1633 ejus
449 1528 669 1610 Dernuraten⁴
690 1541 942 1610 sacrificantem.

308 1659 342 1722 ³9
412 1650 577 1718 Tisicratis
599 1647 683 1742 bigae
710 1649 823 1716 Piston
851 1645 1021 1716 mulierem
1050 1631 1252 1739 imposuit⁵z
1273 1644 1428 1739 idemque

399 1843 445 1894 99.
460 1827 595 1898 Belippus.
609 1827 699 1880 Fluxit
709 1829 731 1880 is
741 1841 768 1880 et
780 1827 868 1880 Callo·
915 1826 1032 1880 tuarium
1044 1826 1171 1896 insignem
1181 1826 1276 1890 tuisse,
1289 1825 1427 1879 celebratis

361 1922 438 1970 nem,
452 1917 479 1957 et
494 1905 656 1959 Nicandrum
670 1907 791 1960 athletas.
804 1907 869 1973 Pau·
914 1909 971 1976 ejus
994 1905 1135 1975 operibus,
1159 1906 1297 1958 Pausanias
1317 1905 1355 1958 ait
1377 1905 1427 1958 Aa·

358 2002 414 2036 san.
427 1984 533 2039 tiavt.
548 1986 649 2040 Dicae.
666 2017 706 2028 —-
725 1987 867 2056 Daltippru,
914 1984 971 2039 cad.
984 1984 1069 2046 VIII,
1087 2004 1115 2055 p.
1133 1992 1201 2054 479.
1215 1986 1304 2038 Hiran.

358 2063 471 2136 Lysippi
486 2063 571 2127 lilius,
588 2079 690 2135 utrup.
706 2064 867 2118 dictumest.
958 2085 984 2117 a.
1008 2064 1099 2116 Micon.
1117 2065 1295 2135 Syracusanus
1316 2064 1353 2128 is,
1376 2062 1426 2116 Ni·

358 2142 869 2216 II.-Perisyomenon.InIlISS.Regg.a,
914 2143 1027 2196 caeratis
1051 2144 1136 2208 filius,
1160 2144 1284 2196 Hieronis
1310 2155 1424 2195 statuam

361 2222 388 2286 3,
399 2222 630 2295 5‚perluyomen0n,·
640 2225 667 2276 iu
679 2223 721 2277 ed.
737 2224 869 2295 principe,
915 2235 1063 2296 equestrem
1077 2243 1107 2276 ac
1118 2223 1267 2294 pedestrem
1277 2223 1347 2276 lecit.
1359 2223 1427 2275 Pau-

354 2304 553 2372 pariayomaenon.
567 2304 637 2356 Male
656 2302 826 2356 emendatum
840 2304 868 2356 in
914 2303 1015 2367 sanias,
1035 2303 1082 2355 lib.
1094 2303 1143 2356 VI.
1162 2303 1266 2356 Danao.
1282 2331 1322 2342 —-
1342 2303 1426 2354 Micon

356 2382 558 2445 apertioribus,
566 2387 758 2455 perixyomenum.
770 2384 868 2435 Emen·
914 2383 1010 2434 athletis
1028 2395 1155 2454 spectatur.
1170 2383 1214 2435 Sic
1228 2385 1292 2451 Reg.
1309 2400 1339 2441 a;
1353 2399 1426 2446 uon,

357 2458 475 2514 dandum
493 2475 563 2515 certe
582 2463 646 2522 tuit,
666 2464 868 2535 pauimentis,
914 2473 1048 2532 spectatas,
1060 2475 1089 2514 ut
1098 2461 1172 2516 editi.
1184 2463 1228 2515 Sic
1238 2462 1307 2514 infra
1318 2482 1324 2511 ε
1336 2459 1424 2512 Eudo·

357 2543 557 2612 παραλυόμενον,
575 2562 607 2595 aa
624 2544 713 2595 inorme
734 2546 774 2615 qui
793 2542 869 2594 tumbe
915 2561 955 2595 rus
967 2561 1038 2594 scena
1047 2553 1176 2611 spectatur,
1188 2542 1302 2605 XXXV,
1315 2547 1358 2604 40.
1372 2539 1424 2593 Mi·

357 2639 387 2671 en
405 2622 556 2688 de'suillunee.
580 2622 647 2675 Inde
666 2623 818 2691 παράλυσις,
843 2623 868 2673 ia
914 2642 961 2675 sus
981 2640 1036 2674 nou
1050 2622 1226 2694 Syracusanus
1240 2621 1297 2683 ille,
1316 2620 1349 2671 de
1369 2638 1425 2689 quo

353 2702 486 2772 parapsis.
512 2703 604 2754 Talem
631 2714 658 2754 et
686 2702 754 2755 sorte
780 2704 867 2772 ipsum
915 2700 1302 2771 Pausanias,Eliac.post.VI‚
1323 2718 1350 2768 p.
1366 2699 1422 2753 36⁵

357 2780 474 2850 Dabippi
500 2781 728 2853 paralyomenon‚
751 2782 780 2832 in
807 2799 868 2833 cor·
914 2770 999 2851 (quod
1013 2770 1423 2851 salsocrediditDslecampius);

356 2859 434 2910 ueola
446 2859 572 2921 incisum,
593 2858 647 2912 rid.
666 2858 738 2929 apud
754 2860 796 2912 cl.
815 2860 867 2911 tto-
913 2859 959 2911 sed
977 2860 1042 2912 alter
1055 2861 1195 2929 AEgineta,
1213 2856 1318 2929 dequo
1336 2858 1423 2924 idern,

357 2954 457 2999 attona,
485 2937 637 2989 Collectartea
662 2940 749 3010 Asrtq.
774 2958 866 2991 roman.
913 2938 995 2993 Elias.
1009 2959 1051 3010 pr.
1062 2942 1098 3003 V,
1110 2958 1171 3010 pag.
1188 2938 1260 3003 338,
1273 2950 1322 2991 etc.
1337 2939 1372 2992 II.

356 3016 410 3068 tab.
426 3034 470 3085 7¹·
482 3017 568 3079 Quam
582 3035 713 3087 gemmam
727 3035 808 3071 nemo
820 3016 867 3071 ad·
955 3020 980 3071 3.
997 3020 1134 3071 Niceratus.
1150 3020 1189 3071 De
1205 3036 1259 3089 quo
1279 3036 1359 3088 supra
1380 3016 1423 3070 di-

355 3094 409 3146 huc
422 3095 533 3147 feliciter
547 3096 702 3165 explicavit,
717 3116 766 3149 nec
780 3098 867 3167 expli·
912 3110 984 3151 ctam
998 3099 1058 3151 suit.
1073 3100 1162 3151 Hiran.

354 3189 415 3225 cars
439 3175 539 3242 potuit,
562 3189 689 3246 corrupto
711 3176 764 3229 hoc
785 3177 866 3230 Plinii
954 3184 979 3240 tt.
1005 3176 1332 3247 Demantsn..drtsapaixns
1360 3176 1424 3229 Plu-

354 3252 427 3305 loco.
444 3254 528 3307 liuor.
677 3304 680 3309 .
912 3258 1019 3311 tarcbas
1048 3258 1185 3327 appellat,
1211 3255 1239 3308 in
1266 3254 1421 3317 alcibiade,

398 3351 458 3385 roo.
466 3333 602 3404 Daplmn.
610 3336 730 3405 daippus,
745 3338 865 3407 Δημόκρι-
911 3356 938 3407 p.
952 3356 1002 3405 ¹9¹
1012 3356 1021 3403 ς
1033 3337 1160 3389 Liberius
1171 3336 1245 3399 item,
1254 3334 1372 3389 Declam.
1383 3353 1421 3388 ra.

355 3431 409 3474 τος,
420 3416 495 3480 cnjus
505 3432 587 3485 opera
596 3414 737 3469 laudantur
746 3436 761 3467 a
771 3417 866 3470 Pausa·
908 3416 1000 3470 Hirro.

353 3490 721 3566 ni·.E¹iac.p0st.V1,psg.
737 3496 805 3564 347,
818 3497 864 3549 ubi
951 3498 977 3549 5.
1000 3496 1124 3547 Tiu'emtis
1140 3496 1203 3565 digia
1228 3494 1314 3545 Piston
1338 3494 1423 3545 mulie·

353 3570 634 3643 Puusonlsrliscipulus
648 3576 727 3627 fuisse
740 3574 864 3641 traditur,
910 3593 958 3626 rem
979 3578 1098 3644 imposuit.
1120 3575 1160 3628 Ita
1184 3572 1288 3627 codices
1311 3590 1420 3637 ornnes,

353 3648 468 3715 Peuma,
476 3652 648 3723 Amphionis,
658 3653 795 3724 Amphion
803 3654 864 3707 Pto·
909 3656 973 3723 aeg.
991 3673 1024 3718 a,
1037 3655 1178 3725 caeterique
1188 3694 1195 3718 ,
1207 3672 1279 3718 uon,
1293 3666 1323 3705 ut
1336 3652 1421 3717 editi,

353 3729 416 3783 lichi
422 3765 430 3792 ‚
438 3730 572 3785 Ptolicbus
582 3734 638 3804 ipse
649 3734 755 3798 Critias,
765 3732 799 3787 de
809 3752 864 3805 quo
910 3734 1039 3785 Pisicrotes
1052 3734 1117 3802 bigae
1128 3734 1215 3797 Pitlro,
1225 3746 1275 3785 etc.
1287 3732 1421 3785 Sententia

350 3827 401 3862 uus
412 3828 501 3881 supra.
520 3812 554 3863 II.
909 3825 961 3877 est,
980 3826 1009 3865 ut
1023 3812 1166 3867 Calamidis
1178 3810 1313 3885 quadrigae
1329 3811 1421 3864 Praxi·

394 3908 418 3941 r.
448 3889 585 3943 Eubolr'dir.
612 3890 734 3943 Effictam
764 3893 800 3944 ab
831 3911 864 3946 eo
909 3892 1420 3973 telepaurigamsuaruimposuit,quem·

351 3977 461 4021 statuam
475 3970 587 4032 ait,viri
599 3970 690 4038 digitis
704 3984 862 4041 computan-
906 3969 1051 4028 admbdum
1076 3972 1176 4025 dictum
1198 3984 1237 4025 est
1260 3990 1361 4039 supra:
1381 3970 1421 4023 sic

350 4045 398 4110 tis,
408 4049 629 4116 spectatissimum
643 4046 862 4103 laudatissimum·
906 4050 1040 4108 Pistoaem
1052 4052 1188 4105 Tisicratis
1199 4051 1266 4121 bige
1277 4049 1420 4102 mulierem

349 4141 401 4193 que
424 4127 511 4181 luisse.
535 4126 703 4183 Crediderim
727 4129 860 4183 Eubulida
905 4129 1061 4200 imposuisse
1074 4150 1120 4185 sua
1137 4150 1227 4187 mauu.
1237 4130 1278 4182 De
1290 4130 1421 4183 ‘I'isicrata

349 4204 438 4271 potius
455 4207 536 4259 scribi
554 4220 693 4278 oportere,
713 4225 794 4277 quem
813 4222 860 4262 sta·
904 4206 1006 4265 dictum
1017 4228 1085 4280 sape
1097 4210 1226 4281 superius.
1243 4208 1333 4263 Hiar.
