3100 5125
401 516 407 533 ⁸
437 564 591 633 uranu
614 562 798 631 xxxtv.
1086 558 1150 654 137

94 712 179 795 porto
199 698 238 765 in
264 694 338 765 aliis
361 696 460 765 terris
483 697 731 791 prestantiore,
758 694 902 764 maxime
921 676 1150 779 ‘aurichalcm

93 804 173 901 qaod
181 805 390 899 praecipuam
402 801 583 872 bonitatem
597 802 916 895 admirationemque
925 798 983 869 diu
996 799 1148 869 obtinuit.
1157 792 1169 853 ἱ

93 912 155 980 lec
175 908 364 1005 reperitur⁷
380 907 482 1005 longo
495 908 564 1002 jam
579 923 747 1003 tempore,
770 905 872 977 effeta
891 904 1017 975 tellure.
1038 907 1150 975 Proxi·
1170 932 1184 965 s

95 1042 177 1085 mum
199 1016 354 1085 bonitate
383 1015 445 1086 fuit
467 1013 709 1087 Sallustianum.
730 1018 765 1083 in
794 1015 1002 1083 Ceutronum
1028 1010 1151 1109 Alpino

94 1138 210 1206 tractu,
225 1146 301 1191 non
318 1122 408 1215 longi
429 1136 464 1190 et
477 1124 585 1215 ipsum
602 1122 683 1192 aevi:
698 1121 921 1213 successitque
931 1120 962 1187 ei
975 1120 1151 1188 Liuianum

95 1231 122 1297 in
135 1227 256 1298 Gallia.
278 1229 467 1321 Utrumque
494 1252 513 1295 a
538 1225 746 1298 metallorum
768 1226 911 1296 dominis
928 1224 1152 1322 appellatum:

96 1333 164 1402 illud
187 1334 234 1403 ab
254 1335 365 1406 amico
384 1333 452 1402 divi
470 1320 626 1428 Augusti⁸
642 1334 729 1404 :hoc
746 1357 766 1403 a
785 1333 943 1427 conjuge,
959 1330 1081 1402 velocis
1095 1330 1149 1400 de·

96 1440 198 1511 lectus.
220 1440 400 1510 Liuianum
420 1464 553 1535 quoque
576 1455 666 1511 certe
683 1438 864 1509 admodum
883 1440 1038 1533 exiguum
1058 1438 1151 1507 inve-

96 1549 184 1616 nitur.
201 1546 348 1615 Summa
367 1544 471 1641 gloria
488 1570 578 1616 nunc
591 1548 626 1615 in
640 1544 849 1615 Marianum⁹
868 1568 1043 1633 conversa,
1063 1543 1153 1639 quod
1242 1594 1245 1599 ψ

97 1673 123 1721 et
140 1652 363 1724 Cordubense
388 1651 517 1724 dicitur.
538 1656 613 1723 Hoc
632 1678 653 1722 a
674 1654 816 1723 Liriano
832 1651 994 1722 cadmiam
1014 1651 1156 1721 maxime

130 1832 154 1883 6.
160 1828 397 1885 AurlelralcoNide
403 1829 493 1884 Rhod.
501 1831 602 1901 tattx,
644 1832 719 1896 uuit,
731 1833 815 1886 verbo
828 1822 951 1905 dsdsqs,
962 1830 1008 1885 sed
1022 1850 1053 1885 es
1066 1828 1157 1900 lapide

99 1928 146 1980 cap.
168 1928 198 1979 9;
216 1908 305 1963 Brod.
323 1910 370 1963 lib.
386 1911 442 1971 Vl,
461 1930 519 1983 cap.
543 1912 599 1979 23;
643 1910 759 1983 quodam
773 1928 835 1965 cum
850 1929 902 1967 aare
918 1924 1009 1978 cocto,
1021 1910 1079 1964 fieri
1091 1909 1153 1963 soli·

99 1989 181 2061 scalig.
199 1990 233 2042 in
251 1990 373 2055 Festum,
389 1988 508 2044 dietim
522 1992 603 2044 Auri·
643 2004 720 2045 tum:
737 1981 846 2063 dsdaapu
865 1995 951 2056 mlle,
966 1994 990 2047 tv
1005 1984 1022 2060 ᾖ
1033 1992 1108 2054 λίθος,
1128 1991 1155 2050 le

100 2070 204 2123 Men.
225 2066 310 2141 Apud
331 2068 504 2141 interpretem
519 2071 601 2143 Apol·
643 2066 1033 2143 ωόμνοςκαῑιιραθιὶςχιλιῷ,
1045 2072 1155 2141 ὄριίχσλ·

100 2148 168 2212 lonii,
180 2148 343 2202 Aristotelea
356 2161 383 2201 et
396 2148 542 2220 Hesychius
554 2169 601 2203 aa·
644 2170 684 2211 aa<
693 2154 796 2221 γίνεται.
810 2152 938 2221 Lapidem
951 2168 1011 2203 euru
1023 2148 1155 2204 cadmiam

101 2228 237 2281 nchalcnm
252 2246 309 2281 esse
323 2240 431 2300 negant.
447 2230 548 2283 Dusae.
564 2261 601 2271 —
643 2248 699 2283 esse
713 2230 830 2285 fossilem
842 2231 989 2285 Kircherus
1007 2242 1096 2283 noster
1112 2247 1154 2282 ar·

102 2310 248 2360 Aarielabo.
269 2306 365 2374 Quod,
386 2320 415 2361 ut
434 2306 530 2362 Isidos.
552 2310 602 2373 ait,
643 2310 756 2364 bitratus
777 2323 830 2373 est,
851 2309 947 2363 Mundi
966 2310 1036 2363 subt.
1059 2310 1101 2373 X,
1123 2315 1157 2372 4,

102 2387 180 2459 θείη.
207 2388 293 2454 xvt,
315 2406 364 2456 19,
387 2400 414 2441 et
434 2386 602 2460 splendorem
646 2408 704 2461 pag.
735 2392 802 2445 218.
831 2390 882 2443 Cui
907 2389 1042 2443 sententias
1063 2389 1157 2441 Festus

102 2468 161 2532 auri,
180 2482 211 2521 ea
231 2465 360 2520 duritiam
382 2468 440 2521 assis
463 2467 603 2539 possideat.
644 2469 826 2539 suffragatur:
847 2466 989 2523 «Cadmea
1008 2480 1094 2531 terra,
1113 2468 1158 2519 in-

102 2546 179 2601 Festus
191 2548 281 2602 verbo
298 2547 484 2613 Auratum,
499 2548 604 2614 verius,
645 2550 716 2621 quit,
729 2568 788 2620 quas
806 2548 834 2603 in
853 2567 888 2602 tes
900 2547 1052 2618 conjicitur.
1068 2560 1097 2601 ut
1112 2547 1158 2602 liat

102 2629 235 2681 sodalem
254 2626 310 2680 dici
333 2639 426 2699 putat,
449 2655 461 2676 ι
478 2627 551 2700 quod
574 2629 603 2682 in
645 2627 1158 2684 orichalcum‚·H.--Auriclraloamex

104 2709 238 2761 montuosis
259 2707 325 2761 locis
346 2707 484 2761 invenitur
504 2727 605 2764 :mona
646 2709 775 2782 Stephani
786 2708 883 2773 verbis,
889 2708 958 2760 nihil
968 2705 1043 2762 aliud
1054 2726 1111 2762 esse
1119 2707 1160 2759 si·

103 2788 161 2840 mim
177 2806 267 2858 graue
285 2789 339 2856 ὅρος
357 2788 514 2859 appellatur.
531 2813 543 2836 ι
563 2789 604 2842 De
646 2788 726 2844 detur
747 2807 828 2861 quam
848 2787 965 2842 duorum
989 2788 1158 2842 metallorum

102 2884 126 2918 ea
138 2885 204 2920 soce
218 2867 299 2937 plura
314 2865 377 2918 vide
391 2866 464 2939 apud
476 2867 604 2922 vossium
646 2860 815 2938 (summalae)
826 2868 905 2922 simul
916 2881 1086 2922 excoctorum
1096 2867 1160 2920 mix·

102 2945 356 3018 immaturam
644 2962 721 3016 tum
746 2949 845 3002 ansuis
865 2947 948 3018 vulgo
970 2952 1048 3001 ouivn
1062 2949 1156 3019 jaune,

134 3025 604 3098 7.Nemperuur.ttectoueuspiam
646 3030 732 3082 lus'tou¹
747 3031 799 3082 En.

102 3105 207 3168 exstitit,
223 3119 400 3177 preterquam
416 3105 489 3177 apud
499 3119 604 3178 poetas,
687 3112 714 3164 8.
735 3108 805 3161 Illud
823 3109 855 3160 ab
875 3111 952 3160 αηὶω
971 3108 1022 3160 dlvi
1041 3108 1158 3178 Augusti.

102 3185 292 3240 etinlabnlis:
306 3199 337 3240 at
347 3186 483 3240 Aristoteli
495 3203 604 3256 pusae-
647 3187 772 3243 Sallustio
797 3187 892 3260 Crispo
918 3187 1054 3252 lomenia,
1079 3205 1159 3258 quem

102 3281 151 3316 sum
169 3266 237 3319 olim
253 3264 334 3319 luisse
355 3278 448 3320 auctor
463 3277 502 3318 est
523 3265 605 3336 Apol·
645 3268 803 3340 portieipem
815 3280 977 3324 umerorum
988 3267 1101 3338 Augusti
1108 3267 1160 3320 Ta-

102 3341 159 3396 loali
184 3345 353 3400 Scholiasta.
377 3345 465 3400 Plaut.
488 3345 517 3398 in
544 3344 604 3399 Mil.
645 3348 713 3402 citus
726 3348 926 3413 vooat‚Anual.
942 3349 969 3412 Ι,
988 3365 1047 3419 pag.
1059 3350 1087 3401 6.
1100 3345 1160 3400 Me·

102 3437 145 3476 ast
154 3425 210 3489 111,
219 3444 258 3478 se.
273 3447 299 3486 ι,
311 3443 337 3479 v.
350 3428 405 3491 64,
418 3437 471 3478 tres
482 3423 605 3480 homines
646 3426 725 3482 minit
736 3439 765 3480 et
775 3427 874 3481 Seneca
882 3425 918 3481 de
928 3427 1014 3482 Cleua.
1023 3428 1051 3489 l,
1068 3443 1111 3480 so.
1123 3426 1159 3480 Η.

102 3501 178 3575 lugi,
198 3506 271 3576 aqui
292 3501 421 3576 ponderis
445 3523 509 3558 cum
532 3505 605 3558 auri·
687 3507 756 3576 pla
771 3506 1052 3560 Manlumddlario
1064 3506 1162 3578 septies

103 3581 187 3638 ehaloo
198 3585 350 3638 existimat:
365 3611 378 3634 ι
389 3582 465 3640 Cedo
476 3597 529 3638 tres
537 3584 605 3640 milti
646 3587 769 3651 consule,
781 3598 813 3641 ut
822 3583 939 3642 diximus
949 3585 998 3640 lib.
1007 3605 1068 3659 sup.
1080 3603 1105 3641 c.
1115 3585 1160 3650 13,

103 3659 215 3717 hmines
242 3663 396 3718 aurichalco
424 3674 516 3719 contra
540 3683 604 3720 cum
646 3664 874 3739 quemadmodum
894 3685 911 3720 a
928 3665 1051 3722 Sallustio
1070 3665 1162 3719 Livia·

104 3739 155 3796 ist'u
165 3743 295 3798 moribus.
312 3771 323 3793 ι
341 3744 514 3815 Certaquum
528 3761 605 3816 repe·
647 3765 704 3818 que
720 3765 817 3817 genua
832 3747 892 3800 aeis
908 3747 958 3799 alia
971 3764 1070 3800 nomen
1084 3763 1161 3799 acce·

102 3821 145 3874 riri
154 3823 246 3876 saltem
258 3823 338 3877 Plinii
350 3825 407 3895 jam
417 3841 474 3878 uro
485 3821 605 3889 desierit,
645 3839 754 3899 perant.
762 3827 831 3889 Vel,
841 3825 918 3900 quod
931 3825 1010 3882 alicui
1022 3827 1113 3880 forsan
1124 3822 1160 3876 si·

103 3902 606 3974 mnillnduseveleseooapiteeviu·
648 3906 738 3960 mitius
758 3907 813 3959 veri
837 3905 971 3971 rideatur,
993 3925 1009 3959 a
1033 3902 1162 3960 uariant·

104 3980 309 4054 citur,quodnos
316 3983 352 4036 du
362 3983 453 4050 lairen,
463 3984 606 4038 vernaculo
649 3987 790 4040 montibus
802 4003 889 4058 prope
902 3983 1071 4048 Cordubam,
1089 4001 1163 4036 uano

105 4078 216 4114 amone
245 4063 382 4135 appellare
409 4063 605 4118 consuevimus.
650 4065 734 4120 Ss'sm
754 4065 865 4119 Morem.
885 4067 977 4120 lissa.
992 4095 1031 4106 -
1047 4061 1164 4116 Ibidaa

106 4136 158 4192 Noa
185 4143 299 4214 simplex
330 4142 440 4214 aliquod
468 4143 605 4198 metallum
652 4145 752 4200 fodinae
767 4142 1070 4211 urisulteracarulei,
1083 4143 1165 4198 ultera

107 4216 176 4274 luisse
203 4221 367 4283 orichalcum
391 4223 542 4292 Stephanus
564 4224 605 4276 in·
649 4223 751 4284 viridis.
766 4226 849 4282 &torn
