3100 5125
376 476 421 545 30
648 478 686 541 C.
715 475 885 541 PLlN'll
909 476 1015 542 ΝΑΤ.
1042 474 1166 541 HlST.

372 631 531 703 passuum
550 630 587 679 rx
602 631 641 679 ιι.
659 608 728 675 sine
744 604 813 675 ullo
830 606 978 701 pediturn
994 605 1185 699 adjumento
1198 608 1363 701 cepissent
1371 609 1447 701 ejus

374 712 528 785 vocabuli
542 738 549 781 :
563 712 662 807 idque
672 712 805 783 duravit
818 712 954 783 nltrnC.
964 712 1175 783 Gracchum.
1189 715 1306 783 lunius
1320 728 1413 783 certe
1421 700 1447 800 ⁵,

373 823 432 915 qui
452 820 494 889 ab
507 820 655 891 ,amicitia
673 820 744 913 ejus
761 819 982 890 Gracchanus
999 817 1182 913 appellatus
1196 833 1262 907 est,
1279 823 1444 911 scriptum

376 925 508 1020 reliquit
526 926 577 994 his
586 926 715 993 verbis:
730 953 748 989 ι
761 925 863 1013 Quod
879 924 923 994 ad
937 939 1123 1022 equestrem
1139 924 1287 996 ordinem
1304 929 1445 1011 attinet,

373 1048 473 1103 antea
489 1031 649 1102 trossulos
670 1031 856 1116 vocabant,
873 1056 963 1103 nunc
989 1032 1115 1125 equites
1135 1046 1256 1101 vocant
1273 1057 1282 1099 ε
1299 1032 1445 1126 ideoque

377 1140 455 1233 quia
476 1163 544 1208 non
559 1136 746 1232 intelligunt
761 1136 920 1209 trossulos
938 1162 1060 1209 nomen
1081 1136 1161 1231 quid
1176 1136 1299 1222 velent,
1318 1137 1448 1209 multos

374 1229 499 1340 pudet⁶
520 1243 679 1317 trossulos
693 1246 815 1316 vocum.
831 1274 849 1309 »

346 1384 357 1418 ι
431 1354 474 1419 Χ.
499 1352 584 1420 Sunt
602 1349 712 1419 adhuc
735 1349 852 1444 alique
873 1374 943 1421 non
959 1350 1151 1419 omittendas
1174 1350 1209 1419 in
1233 1374 1316 1419 suro
1339 1350 1443 1420 disfe-

378 1458 501 1526 rentiae.
516 1455 656 1525 ΑιιιιίΙίιι
665 1456 788 1551 quippe
805 1471 839 1525 et
852 1470 1005 1525 externos
1022 1453 1206 1551 torquibus²
1221 1459 1328 1534 aureis
1338 1456 1444 1526 dona·

379 1652 475 1707 talento
491 1670 598 1723 equum.
613 1676 624 1698 ι
638 1649 781 1706 Marcellos
799 1662 889 1703 trous·
934 1648 987 1703 sert
999 1650 1029 1703 in
1041 1649 1160 1721 Etymol.
1174 1650 1257 1703 serbo
1271 1651 1388 1703 Tremuli.
1407 1649 1444 1703 Η.

378 1732 414 1785 ior
440 1730 524 1786 dictos
547 1731 620 1794 vult,
644 1732 718 1800 qussi
746 1729 887 1783 tornsnlns.
974 1729 1008 1781 X.
1024 1729 1174 1782 emim
1187 1729 1290 1783 Auxilio
1308 1726 1446 1793 (sicenim

379 1813 447 1865 Dm.
461 1843 500 1857 -
517 1810 641 1874 Tmssuli,
655 1829 725 1882 quum
739 1808 850 1880 oppidem
865 1812 891 1862 iss
933 1807 1011 1861 MSS.
1023 1826 1126 1873 omnes,
1141 1821 1172 1859 nt
1183 1810 1289 1862 servitis
1301 1809 1446 1879 promis

383 1892 468 1943 Traeis
485 1895 563 1951 ciem,
586 1902 636 1943 etc.
654 1889 764 1943 Festus:
785 1915 797 1937 ι
812 1890 892 1943 Tros·
933 1885 987 1941 eici
998 1889 1152 1941 monuimus
1165 1877 1253 1957 sepe)
1263 1889 1320 1943 sire
1333 1891 1446 1944 auxilie·

378 1970 430 2023 suli
448 1971 549 2042 equites
569 1968 652 2031 dicti,
670 1966 743 2041 qnod
757 1966 890 2039 oppidum
932 1984 975 2019 res
995 1967 1080 2037 sopire
1098 1966 1226 2021 dicuntur
1240 1969 1268 2021 in
1286 1968 1357 2021 bello
1374 1970 1445 2023 socii

379 2051 527 2105 Tuscorum
551 2049 707 2103 Trossulum
730 2048 787 2102 sine
809 2062 894 2118 npers'
933 2046 1445 2113 Rornanorumexternernmnstionusn,

380 2128 503 2200 peditum
516 2130 663 2199 ceperint.»
675 2127 890 2201 Menentetismy
933 2124 1024 2195 inquit
1045 2125 1145 2181 Festus.
1165 2127 1222 2179 Cur
1239 2146 1304 2181 vero
1327 2129 1445 2183 externis

378 2228 445 2263 num
467 2209 519 2264 lori
533 2209 659 2279 vestigis,
682 2208 762 2279 uulgo
787 2207 891 2271 Tmso,
933 2204 1007 2258 snrei
1034 2218 1143 2277 torques
1163 2204 1299 2272 darentur,
1321 2209 1444 2279 argentei

381 2290 522 2359 vicinaque
536 2289 620 2351 losse,
636 2286 657 2337 il
667 2288 733 2339 uado
743 2286 770 2338 di
786 2287 891 2352 Trono,
934 2296 1037 2337 tentem
1047 2285 1165 2351 civibus,
1174 2284 1243 2339 illud
1252 2286 1381 2341 nimirum
1392 2301 1445 2353 est,

374 2367 485 2421 dnobus
499 2386 623 2438 passuum
636 2366 756 2421 millibus
772 2383 789 2418 ιι
805 2366 891 2419 Monte
934 2363 1007 2435 qnod
1019 2365 1048 2417 in
1061 2365 1114 2419 illis
1129 2365 1245 2437 pretinm
1257 2368 1440 2436 specuium:

379 2447 506 2501 Fisscone.
524 2448 615 2503 Hero.
844 2483 848 2491 ·
933 2442 963 2499 in
977 2444 1021 2497 his
1031 2445 1104 2497 solus
1112 2444 1443 2517 honoretqloriereiqe·

420 2528 447 2582 ὅ.
463 2528 553 2590 Juniis
565 2537 655 2581 reru...
669 2526 784 2595 scriptum
794 2525 892 2598 reliquit
933 2534 988 2578 ste.
1001 2522 1134 2578 Coronam
1143 2543 1176 2580 ex
1187 2544 1253 2582 suro
1262 2524 1350 2580 detero
1361 2540 1443 2582 enen

372 2609 414 2662 ,Fe
442 2608 537 2671 cerlis,
563 2619 614 2662 etc.
647 2605 726 2658 Forte
755 2605 784 2658 in
815 2605 892 2660 libris
932 2603 1040 2657 nisnnn
1051 2605 1243 2675 legimnsllec
1254 2623 1318 2659 vern
1330 2604 1364 2659 de
1373 2607 1444 2660 mili·

378 2685 892 2760 quosinscripsit,dsPotesmtibm‚quo·
933 2683 984 2737 tsri
999 2695 1106 2755 torque,
1124 2686 1178 2739 lsoc
1199 2697 1253 2750 est,
1271 2686 1358 2756 quiin
1370 2687 1442 2740 bello

378 2787 439 2822 rum
452 2766 593 2836 septimum
605 2761 695 2817 landet
705 2763 850 2834 Ulpianus,
861 2765 890 2817 in
932 2760 1009 2816 detur
1033 2763 1066 2815 eb
1090 2765 1252 2836 imperatore
1272 2766 1370 2829 fuerit,
1391 2785 1442 2820 cen

379 2847 440 2916 nig.
450 2845 496 2898 lib.
509 2844 542 2896 de
554 2843 634 2898 oruc.
647 2843 746 2910 Quen.
759 2845 799 2896 De
806 2845 823 2895 J
825 2844 889 2898 nru‘o
932 2843 1072 2912 μιιιιιὶιιιιι
1093 2843 1270 2902 ios-titudinis,
1289 2843 1442 2914 accipienda

375 2925 536 2982 Grscnlssno
554 2925 610 2996 jem
633 2941 713 2992 supro
731 2923 839 2993 egimus
860 2925 889 2978 in
932 2934 995 2976 sunt
1007 2939 1015 2974 ι
1029 2941 1085 2976 non
1097 2922 1133 2978 de
1146 2924 1243 2996 quovis
1255 2924 1316 2977 elio.
1328 2925 1399 2980 Nem
1412 2927 1442 2979 in

378 3018 518 3060 unctorum
532 3003 633 3056 Indice.
646 3003 740 3058 Henn.
932 3000 1037 3056 ludicro
1065 3004 1210 3058 ermemine
1230 3006 1380 3076 Angustum
1411 3006 1441 3058 in

420 3089 447 3138 6.
468 3084 559 3137 stauos
571 3082 654 3153 pudet.
674 3083 789 3153 Propter
803 3082 889 3136 embi-
932 3081 1012 3136 Circo
1025 3083 1124 3136 scimus
1136 3097 1232 3155 torque
1242 3102 1323 3138 sores
1330 3082 1441 3138 donasse

371 3165 503 3236 pnitstens
525 3163 614 3224 vocis,
631 3181 689 3232 quse
704 3163 824 3216 Persium
838 3162 889 3215 rni-
931 3161 1051 3215 Nonium
1072 3165 1274 3234 Asprenatem:
1301 3162 1349 3218 sed
1373 3164 1442 3218 nihil

377 3241 629 3307 morimundum
643 3243 888 3311 mneretsster,
931 3239 1003 3294 istud
1028 3239 1062 3294 ad
1085 3230 1252 3315 propositum
1276 3243 1439 3298 Pliniseom.

378 3343 447 3380 rere.
465 3327 501 3392 96
519 3344 525 3374 ι
542 3321 700 3378 ιΤι-οιιιιΙιιι
714 3322 827 3376 exsultet
839 3321 889 3376 risi
931 3319 1015 3385 Quod
1022 3322 1204 3376 sutemSiccio
1213 3323 1326 3376 Dentrto
1334 3337 1442 3394 torques

376 3422 427 3474 per
441 3403 563 3456 subsellis
581 3401 664 3456 loris.
679 3425 690 3448 ι
704 3402 800 3473 Neque
812 3401 885 3454 enim
931 3417 1028 3454 enrees
1047 3398 1125 3454 detes
1145 3420 1201 3456 esse
1216 3401 1310 3456 scribit
1328 3402 1440 3474 Dionys.

378 3482 463 3534 solum
473 3483 589 3554 equitem
597 3479 764 3552 significatui:
775 3480 888 3552 oppido,
931 3477 1015 3533 Helio
1027 3478 1128 3535 idcirco
1136 3479 1239 3536 dictum
1252 3482 1287 3534 sb
1297 3500 1329 3534 eo
1339 3499 1440 3547 mmor,

376 3573 409 3614 ut
422 3560 522 3616 dictum
537 3573 576 3615 est
586 3579 593 3613 ε
603 3559 649 3614 sed
660 3573 686 3614 et
699 3559 844 3616 delicatum
857 3578 889 3614 ec
931 3557 1005 3630 qnod
1018 3561 1125 3614 nonnisi
1137 3579 1233 3614 eureos
1241 3573 1338 3614 noent.
1348 3563 1442 3616 Ceteri

377 3641 603 3704 mensuum
616 3657 805 3711 sgrsecsvoce
813 3659 888 3709 rpus-
932 3652 1005 3692 certe
1030 3640 1186 3710 scriptores,
1211 3659 1279 3711 qnos
1303 3642 1442 3696 setnl'nm

379 3723 429 3779 σός.
440 3721 502 3786 Quo
511 3739 589 3774 sensu
598 3737 653 3774 vox
666 3737 695 3774 ee
706 3733 745 3774 est
754 3732 861 3790 recepte
872 3739 888 3772 ι
931 3717 979 3770 lib.
985 3719 1056 3784 vu,
1071 3737 1130 3792 esp.
1146 3738 1197 3787 sq,
1210 3738 1305 3774 aureos
1320 3739 1379 3777 non
1394 3739 1442 3793 rp-

377 3800 579 3870 Seneca‚epist.
591 3804 639 3870 76,
650 3819 680 3870 p.
694 3800 749 3870 733
764 3819 770 3854 :
787 3826 798 3846 ι
813 3797 887 3865 Quid
931 3797 1144 3868 pertaesum.

375 3879 459 3951 ergo?
478 3878 551 3934 idern
572 3880 665 3938 fecum
686 3878 759 3950 qnod
778 3879 888 3935 unnuli
974 3898 1000 3931 ι.
1014 3879 1136 3934 Eam
1156 3879 1277 3952 torquibm
1296 3882 1377 3932 amn
1397 3880 1442 3930 lo-

377 3959 422 4015 isu'
433 3979 464 4016 ec
478 3960 666 4029 juvenesisEt
675 3959 708 4010 nb
714 3958 886 4030 Hieronymo,
930 3976 1025 4012 nasum.
1037 3958 1116 4029 Apud
1127 3959 1234 4013 Livium
1244 3960 1313 4012 libro
1326 3959 1378 4022 111,
1390 3960 1443 4012 De·

373 4039 470 4096 tinne
485 4038 593 4094 virendo
605 4051 727 4108 suspecto
740 4040 890 4094 Cmtulser·
931 4035 1032 4103 ΜΝ,
1045 4037 1151 4092 duobus
1162 4039 1289 4092 frutribus
1298 4038 1440 4091 Gallorum

367 4119 430 4178 sto.
448 4118 527 4175 edes
546 4119 587 4174 his
606 4137 637 4176 ιι
653 4135 711 4189 qne
723 4119 836 4172 Vossius
853 4119 889 4173 u-
931 4117 1031 4187 regulis
1045 4130 1152 4174 sensnm
1165 4135 1276 4174 muner
1290 4117 1441 4172 minimor-
