3100 5125
471 558 644 628 »LIBER
670 559 831 627 XXXV.
1127 554 1195 640 345

129 690 243 784 giam
261 687 366 758 altem
387 688 511 769 lumine
531 691 666 776 orbam,
685 675 847 784 primus²⁶
867 689 1050 783 excogitata
1070 691 1196 760 ratione

130 796 212 863 vitia
233 793 424 866 condendi:
443 794 609 889 obliquam
623 819 768 890 namque
786 795 880 882 fecit,
904 809 940 863 ut
958 795 1047 890 quod
1064 800 1196 890 corpori

130 899 264 985 deerat,
285 892 423 995 picture
440 902 550 995 potius
569 901 682 972 deesse
698 901 884 971 videretur:
909 915 1103 996 tantumque
1121 927 1195 970 eam

131 1021 263 1100 partem
280 1031 299 1075 e
323 1006 410 1076 facie
426 1007 586 1092 ostendit,
609 1031 709 1103 quam
732 1022 837 1076 totam
858 1021 989 1102 poterat
1008 1007 1191 1078 ostendere.

131 1114 217 1182 Sunt
244 1114 331 1182 inter
357 1137 460 1206 opera
485 1114 557 1207 ejus
582 1127 616 1182 et
641 1115 879 1209 exspirantium
908 1103 1076 1208 imagines.
1108 1115 1193 1203 Quae

131 1232 242 1286 autem
262 1216 461 1288 nobilissima
479 1220 561 1304 sint,
579 1243 647 1288 non
669 1235 719 1288 est
736 1219 831 1290 facile
847 1218 949 1290 dictu.
1046 1277 1049 1288 ,

185 1325 351 1394 Venerem
369 1338 540 1394 exeuntem
556 1351 574 1393 e
592 1311 708 1394 mari²⁵
727 1323 824 1394 divus
842 1329 1009 1420 Augustus
1026 1325 1170 1396 dicavit
1161 1341 1195 1396 tn
1213 1345 1248 1400 28

133 1428 275 1498 delubro
294 1431 396 1525 patris
414 1417 584 1500 Caesaris²⁶
586 1457 684 1526 ,quae
700 1430 935 1526 Anadyomene
952 1445 1100 1515 vocatur,
1119 1455 1192 1502 ver·

133 1536 223 1605 sibus
247 1531 409 1631 grecis*
415 1535 472 1606 tali
499 1562 618 1632 opere,
641 1538 721 1607 dum
743 1536 913 1624 laudatur,
944 1537 1050 1625 victo,
1071 1537 1128 1608 sed
1154 1536 1194 1606 il·

131 1723 217 1777 facies.
228 1724 430 1796 Apellestamen
438 1724 578 1796 imaginem
587 1727 641 1778 An·
683 1724 807 1790 mauriti,
825 1723 925 1778 Juliuni
948 1737 975 1778 et
1000 1723 1133 1779 Leonidae.
1153 1727 1195 1781 Tu

133 1803 216 1874 tigoni
225 1805 414 1857 lateretantum
424 1805 506 1857 altero
514 1803 640 1872 ostendit
683 1823 729 1870 ea,
743 1805 764 1856 ai
781 1805 866 1857 otium
880 1817 931 1869 est,
939 1805 1057 1858 oonsule.
1069 1807 1143 1859 Habe
1154 1805 1195 1858 in-

130 1894 162 1936 nt
174 1882 338 1937 amissioculi
348 1881 502 1938 deformius
510 1884 636 1938 lateret
683 1884 761 1937 terim
785 1901 815 1937 eu
836 1883 916 1938 latine
932 1901 965 1936 ex
983 1884 1101 1938 Grotioz
1116 1887 1194 1939 Anti·

134 1963 224 2016 Hun.
552 2016 556 2029 ,
682 1964 751 2040 patri
773 1961 882 2034 quidem
903 1962 1016 2016 Sidonii.
1040 1965 1194 2020 Materuis

172 2049 218 2106 ad.
232 2041 338 2096 Primus.
354 2041 387 2094 lu
404 2042 508 2112 pictura
532 2042 638 2096 sedicet
682 2041 801 2112 primum
820 2041 855 2094 de
875 2039 999 2096 fluctibus
1014 2057 1194 2115 emergentem

133 2120 200 2172 Sic'
192 2141 220 2173 ιιι
240 2121 332 2174 statuis
348 2121 457 2176 Periclis
470 2121 596 2185 artifices,
611 2134 640 2175 ut
683 2121 787 2193 Cyprtu
799 2121 909 2193 Apellei
919 2141 999 2176 cerne
1008 2123 1192 2196 laborrsopus

130 2199 286 2254 Plutarchus
297 2199 417 2266 adnotat,
439 2219 501 2272 pag.
517 2200 640 2266 153,vi-
682 2201 721 2254 Ut
753 2203 876 2254 manibus
911 2203 1029 2254 mulcens
1063 2221 1193 2274 respersos

132 2278 198 2331 tium
217 2292 307 2333 texere
323 2280 487 2351 oblongioris
501 2280 583 2350 paulo
598 2298 639 2334 ca·
682 2298 790 2352 aequore
802 2283 888 2334 crines
899 2282 939 2334 De
951 2280 1192 2354 madidisspumam

134 2357 316 2428 pitis,uddita
329 2360 412 2430 galam
429 2359 641 2412 fluum-Pri-
681 2359 751 2431 eogit
776 2360 849 2414 abire
878 2360 988 2414 eomie!
1015 2361 1077 2414 Non
1092 2361 1142 2414 tihi
1158 2361 1193 2416 de

132 2456 188 2490 uus.
201 2439 278 2491 Brot.
290 2455 323 2492 ex
336 2441 399 2510 Reg.
413 2437 473 2491 eod.
489 2437 523 2504 5,
536 2452 563 2492 et
575 2438 640 2494 edit.
681 2439 767 2492 forma
788 2452 848 2510 post
870 2439 919 2492 bac
940 2437 1112 2504 certabimus,
1130 2440 1193 2511 ipsu

130 2517 268 2590 principe,
280 2520 369 2588 prim,-
387 2516 467 2572 bene.
481 2519 521 2573 De
530 2531 641 2590 catagra-
681 2517 794 2581 Dieuut,
813 2517 834 2571 si
850 2516 973 2583 videant,
987 2531 1047 2573 nata
1062 2536 1192 2593 sororque

131 2597 189 2669 pbis
201 2598 351 2669 obliquisve
360 2598 517 2669 imaginibus
523 2599 640 2668 ,despro-
682 2598 768 2653 lovis.
782 2625 793 2645 ι
818 2596 921 2673 Arehiae
936 2618 943 2650 τ
960 2625 970 2646 ι
983 2599 1135 2653 Fallimur?
1157 2618 1189 2652 an

126 2676 299 2747 filr,dietum
310 2677 640 2749 supraest,rap.34,ubi
680 2676 814 2731 Venerem
824 2676 1061 2749 uudamspectavit
1072 2679 1193 2749 Apelles,
1244 2684 1247 2691 '

131 2756 271 2811 beneritla
284 2754 416 2811 condendi
424 2758 552 2811 rationem
561 2758 640 2828 longe
681 2756 1195 2829 Quumdecuruleosurgeretortamari?

129 2848 188 2888 ante
209 2838 331 2908 Apellem
347 2851 493 2909 repertam,
519 2838 639 2890 Cimonis
680 2837 724 2890 Sie
740 2837 812 2889 illam
825 2836 910 2907 pelagi
927 2838 1013 2909 pinxit
1024 2835 1058 2891 de
1071 2856 1131 2891 rore
1140 2858 1194 2892 rna·

132 2914 249 2969 Cleonaei
277 2916 414 2987 exemplo,
443 2916 546 2971 Plinius
582 2917 640 2987 ipse
681 2914 885 2971 dentem:Ecce
895 2935 999 2971 comam
1013 2929 1102 2971 tenera
1115 2918 1193 2989 tergit

131 3006 249 3049 testatur.
258 2995 314 3049 En
679 3009 912 3068 utraquemann.
902 2996 1085 3051 Democriti·
1097 2996 1193 3052 Nuda

170 3074 218 3129 25.
246 3074 362 3127 Venerem
389 3086 512 3127 aruntem
532 3097 546 3127 e
568 3079 638 3127 mari.
680 3070 773 3129 Venus
761 3076 1194 3148 pelagiprimumquumsurgeret

130 3140 316 3223 lusapueri,
330 3152 424 3227 deqna
434 3174 515 3227 supra
524 3174 582 3227 cap.
593 3175 639 3209 ιι.
680 3154 760 3208 undis
764 3158 992 3227 Auratassputna
1005 3154 1039 3208 de
1048 3174 1127 3209 maus
1140 3156 1193 3211 uda

130 3234 219 3289 flattu.
681 3252 782 3309 eomas,
797 3235 897 3288 Taliter
916 3238 987 3307 AEgre
989 3255 1005 3287 υ
1033 3236 1139 3289 siccavit
1158 3237 1192 3289 ab

170 3314 270 3369 ι6.1ιι
292 3312 392 3366 delubru
415 3315 495 3384 patris
522 3312 637 3366 Caesaris.
681 3331 787 3385 equore
811 3326 921 3369 tractatu
944 3314 1083 3367 Caesariem
1103 3328 1193 3371 tenera

130 3392 325 3459 QuodtuForo
337 3394 401 3454 furt
413 3411 574 3476 regionem
569 3404 639 3445 oeta
682 3394 772 3463 pulcra
783 3412 833 3464 per
846 3414 893 3447 ora
904 3412 994 3447 manu
1008 3394 1118 3447 Exstaus
1128 3396 1193 3448 ube·

130 3490 169 3525 ve.
183 3471 297 3533 sunto,
306 3474 373 3525 XIV
374 3492 455 3544 ,.pag
465 3472 545 3544 657:
561 3454 637 3525 itstt
680 3473 756 3525 ribus
770 3492 823 3544 qua
834 3474 872 3525 t‘as
885 3486 982 3525 tenus
997 3474 1081 3538 banc,
1101 3475 1137 3527 sta
1150 3475 1192 3527 vel

130 3554 201 3605 uul'
188 3573 204 3610 ιι
224 3512 538 3623 ἀναδυομίιιιλφριδίτη,
558 3553 636 3610 Asis
680 3550 753 3604 Mars
776 3552 804 3605 si
828 3551 915 3605 videat
936 3552 1054 3617 subitus,
1082 3566 1191 3623 peetora

130 3632 365 3702 &amianarum
374 3632 483 3702 Καίσαρι
505 3636 529 3685 lu
531 3592 633 3703 ῥώμῃ,
680 3633 770 3686 turbet
780 3650 887 3687 amor
876 3631 1002 3684 »Iuliani
1016 3652 1047 3685 ex
1063 3632 1190 3686 Pruserto

129 3730 170 3767 τω
183 3688 298 3771 naama
312 3688 487 3782 drdtlsruerp
504 3710 636 3782 πατρὶτήν
680 3711 842 3781 Augustali:
863 3710 927 3763 Ειι
946 3710 1075 3782 Cytherea
1101 3730 1191 3765 recens

132 3790 266 3861 ἆρχηγίτιν
282 3794 417 3861 τοῦγένους
432 3794 521 3856 edroi,
537 3802 588 3845 etc.
601 3790 636 3845 H.
680 3792 760 3843 maris
771 3810 786 3843 e
797 3789 955 3862 genitalibus
965 3789 1057 3843 undis:
1069 3792 1190 3855 Lucinas,

170 3889 214 3940 ²7·
238 3870 352 3922 Versibus
364 3874 460 3940 grecis.
477 3872 586 3924 Exstant
609 3870 637 3922 in
682 3869 818 3941 ingenium
832 3870 893 3923 iecit
909 3868 1027 3941 Apellis,
1045 3888 1120 3940 opus.
1138 3870 1190 3925 Sed

132 3947 367 4020 Antholegia,IV,
382 3968 431 4013 ιι,
451 3951 637 4021 epigrammata
681 3948 734 4002 cito
747 3962 773 4002 te
788 3950 1008 4009 tabularemove,
1021 3967 1054 4000 ne
1063 3961 1089 4002 te
1098 3948 1191 4021 irriget

130 4046 211 4099 μοι
228 4028 348 4099 quinque
358 4027 392 4081 de
401 4028 455 4082 hoe
464 4041 637 4099 argumento,
680 4028 767 4082 imbre
783 4028 851 4094 Quu
867 4028 935 4098 pluit
955 4027 1075 4081 abstersis
1097 4048 1191 4099 spuma

131 4109 162 4169 sie
177 4108 220 4164 τὴν
235 4100 387 4179 Appodirus,
409 4110 567 4181 ιἰιιρχομίνιιιι
586 4110 636 4161 ἀπὸ
680 4108 784 4161 marina
797 4108 892 4161 comis.
911 4107 940 4160 Si
957 4108 995 4161 sic
1011 4105 1084 4161 nuda
1099 4109 1191 4163 Venus

130 4189 270 4253 θαλάσσης,
287 4188 436 4260 Antipatri,
453 4186 637 4253 Arebiu,De·
681 4187 753 4241 stetit
779 4189 806 4241 in
829 4188 972 4241 certamine
993 4186 1055 4239 mali
1081 4189 1192 4261 :Troia
