3100 5125
473 609 626 678 LIBER
649 610 831 678 xxxlv.
1114 623 1185 694 ²¹9

127 756 282 838 superato
308 742 456 836 Cyprio,
488 743 720 836 Hispaniensi,
754 756 789 811 et
822 741 964 810 Africo:
998 760 1183 832 quanquam

129 849 301 919 oculorum
322 871 456 940 quoque
475 846 655 918 curationi²
675 848 808 942 quidam
829 846 982 916 utiliusC
1029 846 1113 912 rium
1130 865 1186 935 pu·

129 969 200 1024 tant
211 981 219 1022 ε
230 954 290 1022 sed
300 955 335 1021 in
348 978 555 1047 quacumque
573 956 706 1023 natione
719 957 902 1050 optimum,
918 954 972 1021 cui
1008 950 1185 1019 maximum

131 1062 218 1128 virus
233 1061 268 1128 in
289 1059 434 1143 olfactu,
456 1062 600 1153 trituque
623 1061 789 1153 pinguiter
803 1061 1009 1154 nigrescens,
1033 1069 1066 1126 et
1083 1079 1185 1149 spon·

130 1167 269 1259 giosum.
283 1165 462 1233 Stomacho
472 1189 525 1233 res
536 1152 719 1234 contraria⁴
729 1167 762 1233 in
779 1180 925 1250 tantum,
938 1178 975 1232 ut
989 1159 1184 1256 quibusdam
1204 1187 1217 1220 ²

130 1270 251 1340 olfactu
274 1270 375 1338 modo
401 1272 595 1339 vomitiones
616 1286 756 1339 moveat.
780 1273 824 1339 Et
845 1271 1033 1366 AEflgyptium
1054 1266 1185 1361 quidem

131 1375 216 1444 tale:
234 1375 367 1445 alterius
381 1378 522 1444 nationis
536 1378 714 1445 contritum
734 1363 960 1470 splendescit⁵,
978 1390 1016 1443 ut
1036 1375 1132 1466 misy,
1154 1384 1188 1439 et

131 1496 180 1550 est
191 1466 398 1575 lapidosius⁶.
419 1482 577 1550 Prodest⁷
599 1497 710 1550 autem
731 1496 765 1550 et
776 1482 925 1551 dentium
940 1480 1058 1564 dolori,
1072 1480 1099 1548 si
1113 1501 1187 1548 con·

132 1590 285 1673 tineatur,
295 1601 395 1680 atque
417 1586 560 1656 colluat:
577 1603 611 1656 et
625 1589 692 1656 oris
706 1587 895 1657 hulceribus
911 1587 1085 1682 gravibus,
1099 1607 1187 1677 quae-

131 1717 193 1784 que
211 1708 358 1786 serpunt.
378 1679 515 1764 Uritur⁸
529 1694 744 1778 carbonibus,
761 1709 800 1762 ut
817 1692 975 1763 chalcitis.

181 1801 308 1866 XXXI.
333 1797 434 1891 Misy¹
450 1797 549 1892 aliqui
567 1799 773 1870 tradiderunt
790 1799 862 1868 fieri
875 1795 1010 1868 exusto²
1030 1794 1137 1891 lepide
1152 1795 1186 1861 in
1207 1830 1218 1864 ι

171 2039 197 2070 a.
212 2017 343 2070 Oculorum
356 2020 580 2088 quoqmcmsioni.
591 2019 636 2072 Sic
677 2021 706 2070 τὸ
719 2012 749 2070 dl
770 2018 926 2088 λαμπυρίζων
944 2019 967 2070 ls
988 2025 1023 2087 τῷ
1042 2020 1185 2087 θραυσθῆναι

132 2097 163 2150 sd
175 2097 288 2150 ocularia
302 2094 493 2150 medicamenta
507 2095 634 2166 Cyprium
678 2099 785 2168 ἐμφερῶς
794 2099 872 2168 plani,
884 2100 1052 2168 ἱτιρογινίςτι
1065 2097 1106 2148 καὶ
1115 2099 1187 2150 dels-

133 2195 232 2246 quoque
257 2176 325 2246 misy
351 2178 474 2246 AEgyptio
497 2177 635 2246 anteponit
677 2177 714 2236 sie
737 2177 829 2231 cincias
851 2171 920 2229 alans.
940 2177 1032 2246 Neque
1049 2195 1130 2247 porro
1153 2175 1185 2226 ah
1270 2228 1276 2236 ,

133 2257 216 2307 Diosc.
229 2255 266 2318 V,
280 2273 345 2323 117.
358 2255 448 2306 llsnn.
677 2255 718 2307 his
734 2256 836 2318 verbis,
851 2257 887 2306 Et
908 2257 967 2326 misy
985 2266 1021 2305 est
1039 2253 1181 2324 lapidosrles,

170 2336 195 2388 3.
219 2335 357 2404 optimam,
374 2337 426 2397 rui,
444 2346 495 2386 etc.
511 2333 632 2388 Dioscor.
675 2334 770 2404 incipit
789 2335 909 2386 instituta
929 2333 963 2386 de
982 2333 1050 2403 misy
1070 2334 1156 2386 oratio
1175 2353 1182 2382 ε

132 2412 236 2466 totidem
252 2414 340 2472 verbis
353 2413 371 2464 l.
384 2431 407 2465 c.
424 2409 512 2465 llsnu.
676 2412 749 2466 seda
766 2413 934 2486 subsequenti
951 2413 1036 2464 multo
1050 2424 1110 2482 post
1128 2429 1186 2464 sen-

168 2499 194 2556 l.
215 2491 342 2545 Stomacho
361 2513 399 2542 res
422 2497 551 2544 eontmrs'er.
570 2492 633 2544 Dio·
676 2492 769 2554 tentia,
786 2491 853 2564 Misy
865 2493 941 2562 aliqui
953 2491 1119 2556 tradiderunt,
1134 2503 1183 2543 cte.

130 2571 220 2625 scorid.
233 2574 285 2625 loc.
301 2575 346 2625 rit.
359 2572 449 2625 llsan.
676 2571 749 2624 nnde
761 2590 818 2642 cap.
840 2574 873 2624 31
892 2572 1019 2641 suspicati
1038 2588 1135 2625 sumus.
1150 2572 1181 2622 Η.

168 2652 196 2705 6.
213 2652 348 2705 contritum
359 2651 511 2722 splendescit,
526 2664 576 2704 etc.
595 2652 634 2704 Ut
716 2655 743 2704 6.
760 2652 799 2704 Et
814 2664 850 2703 est
870 2651 1007 2721 lapidositas.
1027 2648 1095 2721 Sory
1113 2648 1186 2703 vide.

131 2732 193 2801 misy
208 2730 386 2800 splendescat,
399 2728 503 2782 dicetur·
518 2748 575 2801 cap.
593 2745 632 2801 sq.
674 2730 737 2783 lieet
757 2751 763 2781 :
787 2728 822 2782 de
847 2748 900 2801 quo
928 2730 1045 2783 Galenus
1067 2728 1100 2783 de
1123 2730 1184 2783 Fac.

131 2811 160 2861 lu
176 2811 250 2863 libris
262 2811 389 2863 hactenus
400 2810 524 2879 vulgatis,
542 2837 553 2857 ι
567 2828 631 2861 rou·
675 2810 762 2880 simpl.
777 2806 848 2861 med.
867 2810 923 2873 lx,
936 2826 963 2879 p.
979 2812 1031 2861 266
1045 2828 1051 2858 :
1064 2812 1101 2861 Οὐ
1115 2810 1186 2865 τήκε-

129 2890 218 2941 tritum
234 2888 399 2960 splendescit
413 2888 447 2940 Et
462 2888 531 2959 misy
544 2889 632 2940 estla-
674 2908 716 2942 sas
735 2891 763 2940 τὸ
781 2896 861 2959 nepo,
875 2885 919 2941 lie
937 2890 964 2940 sl
981 2882 1141 2959 lichudes-lpas
1157 2908 1184 2940 rs
1223 2944 1227 2953 ,

129 2966 252 3038 pidosius.
278 2966 389 3021 Prodest
413 2979 521 3031 sutem,
550 2980 600 3019 etc.
616 2992 628 3014 ι
674 2963 1185 3037 καὶσφοδροτίρανίχιιντὴνπῆξιν.ιὸοη

129 3047 224 3099 Luxata
250 3048 379 3117 penitus,
406 3064 455 3100 nee
483 3048 632 3099 coherente
674 3064 728 3099 non
746 3047 884 3117 liquescit,
901 3046 1025 3117 quoniam
1041 3046 1186 3114 lapidosius

127 3128 185 3179 satis
194 3127 316 3179 oratioue
330 3147 336 3177 s
348 3128 431 3178 immo
442 3137 469 3177 et
478 3125 540 3177 false
550 3143 557 3178 :
568 3142 631 3177 nam
675 3138 725 3188 est,
738 3126 973 3196 vehementiusque
983 3138 1158 3195 compactum.
1171 3151 1181 3171 ι

127 3217 152 3255 et
161 3204 304 3276 lapidosins
317 3204 458 3275 essemisy,
467 3222 546 3275 quam
559 3222 631 3275 sory,
676 3204 768 3256 lirun.

126 3284 255 3349 affirmat,
266 3284 340 3355 qaod
356 3284 449 3336 falsum
465 3302 520 3336 esse
534 3283 562 3334 in
574 3296 630 3335 not.
715 3302 741 3353 7.
765 3284 876 3335 Prodest.
890 3284 924 3334 Et
937 3283 987 3334 hoc
1001 3280 1036 3333 de
1047 3300 1108 3355 sory
1121 3282 1187 3335 Dio·

126 3365 243 3432 proxime
257 3382 311 3433 seq.
326 3363 462 3416 docemus:
471 3376 497 3414 et
508 3360 633 3432 prodesse
675 3362 789 3415 scorides
803 3378 910 3432 qunque
924 3360 1100 3432 prodidit,V,
1116 3380 1184 3430 119:

126 3440 189 3495 illud
205 3442 325 3495 dentium
342 3441 445 3505 dolori,
457 3460 517 3512 quae
534 3439 582 3493 dns
593 3454 632 3493 est
674 3431 747 3494 lires
762 3437 792 3495 dl
804 3441 846 3492 καὶ
860 3436 1021 3510 ὀδονταλγίας
1038 3442 1184 3510 laertlpssss

126 3518 631 3584 mms.nonaPliuiomodo‚scdetinm
675 3522 708 3581 sle
725 3520 759 3572 τὰ
772 3522 908 3591 βρώματα,
925 3520 967 3571 καὶ
982 3520 1035 3578 τοὺς
1049 3522 1185 3581 ὁποσάλους

125 3600 309 3653 aDioscoride
323 3599 443 3659 laudata,
459 3602 496 3664 V,
520 3601 631 3668 119.1n
675 3596 703 3653 dl
718 3595 821 3660 ὀδόντας
841 3600 962 3669 spartus.
982 3624 992 3645 ι
1009 3600 1102 3651 Dolori
1122 3600 1186 3653 den·

125 3678 189 3748 Reg.
202 3698 215 3731 s
228 3679 287 3733 cod⁴
300 3706 311 3726 ι
322 3678 463 3732 contritum
472 3677 632 3749 splendescit
675 3681 743 3731 riam
760 3679 878 3730 cavernis
891 3694 985 3729 eornm
1000 3676 1114 3731 inditum
1129 3698 1185 3732 me·

126 3768 151 3808 et
170 3758 239 3830 misy
259 3771 286 3810 et
303 3770 341 3810 est
362 3754 506 3828 lapidosius
522 3776 529 3809 :
545 3782 557 3804 ι
573 3776 632 3828 qua
674 3755 1184 3811 ‹teruneosdemtabsnnsfirman·}1.

126 3839 229 3909 vestigia
249 3848 311 3889 sunt
330 3837 437 3888 minime
454 3838 564 3888 obscura
580 3837 633 3888 sin·
719 3839 746 3891 ⁸.
771 3837 865 3889 Uritur.
880 3836 967 3887 Diose.
982 3836 1033 3887 loc.
1048 3836 1135 3890 eiall.

127 3932 191 3967 cerae
222 3916 351 3969 lectionis.
383 3918 450 3987 Sory
480 3915 632 3986 AEgyptium
713 3916 815 3967 xxxl.
833 3915 946 3987 1.Misy.
968 3914 1056 3966 Diosc.
1067 3918 1102 3979 V,
1119 3932 1182 3984 117.

125 3994 212 4047 Diosc.
228 3996 278 4048 loc.
297 3995 344 4049 cit.
361 3994 451 4046 frianti
464 3995 569 4065 nigrum
587 4014 633 4066 ap·
676 3995 790 4058 Nostris,
801 4014 925 4065 couperose
932 3997 1025 4063 jaune,
1038 4012 1082 4045 seu
1096 3992 1187 4046 nitrio·

126 4090 216 4141 parere
238 4074 294 4125 ait:
312 4072 386 4145 quod
408 4073 477 4125 inter
497 4070 631 4125 hiandum
679 4075 733 4125 lnm
750 4092 900 4126 rossanum.
913 4072 1004 4125 Hsnn.

126 4164 209 4205 antem
229 4152 401 4223 splendescit,
423 4164 452 4204 ut
472 4153 549 4221 misy,
567 4153 631 4205 slte-
718 4172 743 4204 ι.
769 4153 872 4204 Ernesto.
897 4152 984 4216 Quem
1004 4149 1126 4203 chalcitin
1144 4170 1189 4203 vo-

127 4229 481 4303 riusgenerisetinvnlidnin
492 4230 557 4284 illud
568 4250 630 4285 esse:
676 4244 748 4295 cant,
759 4244 790 4283 ut
808 4230 910 4284 dictum
926 4241 965 4283 est
980 4228 1057 4281 initio
1074 4248 1131 4304 esp.
1146 4251 1187 4301 ²9·
