3100 5125
490 488 647 582 ιιιιιιι
676 516 840 586 xxxv.
1123 516 1195 614 3³9

131 645 371 741 Asclepiodoro
387 645 429 716 de
449 645 656 736 mereunt,
672 649 738 719 boo
758 663 828 736 est,
849 661 974 743 quanto
989 647 1108 744 quida
1129 677 1196 746 qno

127 753 254 822 distare
268 752 415 822 deberet

182 860 311 928 Scitum
338 873 409 943 est,
442 860 528 928 inter
547 859 769 955 Protogenem
794 873 828 928 et
853 884 929 929 eum
952 861 1041 954 quod
1065 863 1196 934 suddit.
1217 897 1249 947 ¹9

131 962 191 1034 llle
200 963 315 1032 Rhodi
325 963 458 1034 vivebat
468 990 476 1032 :
486 989 554 1058 quo
564 989 667 1058 quum
678 963 811 1059 Apelles
825 965 1071 1062 adnavigasset,
1082 969 1198 1039 uvidus

46 1091 50 1102 ·
128 1069 355 1163 cognoscendi
368 1095 474 1165 opera
484 1071 555 1164 ejus
570 1070 658 1140 fama
672 1084 800 1140 tantum
816 1072 877 1142 sibi
892 1074 1030 1167 cogniti,
1039 1077 1198 1146 contiuuo

131 1175 301 1246 officinam
314 1175 448 1271 petiit⁹².
461 1177 611 1245 Aberat
601 1201 687 1272 ipse,
700 1176 758 1246 sed
775 1176 921 1247 tabulam
938 1178 1055 1272 amplae
1069 1184 1198 1276 magni

132 1281 284 1351 tudinis'
276 1307 311 1352 in
324 1267 509 1352 machina-⁹³
523 1297 669 1377 aptatum
684 1284 839 1376 picturae,
852 1307 935 1354 anus
953 1309 1018 1354 una
1030 1287 1198 1356 custodie·

132 1387 197 1458 bat
211 1391 292 1458 llaec
304 1388 889 1484 Protogenemforisesserespundit·
905 1391 1234 1487 interrogavitque,

133 1495 556 1632 equoqutasitumdineret.
570 1494 644 1564 «Ab
653 1494 882 1589 hoc‚»anu1t
890 1495 1034 1590 Apelles
1049 1513 1199 1593 arrepto·

132 1623 198 1694 que
222 1599 378 1694 penicillo
396 1587 550 1670 Ιιίιιιιιιι94
571 1625 613 1670 ex
629 1599 742 1670 colore
762 1600 857 1670 duxit
877 1625 1014 1672 summu
1035 1605 1201 1674 tenuitatis

134 1730 194 1800 per
218 1705 376 1774 tabulam.
398 1709 547 1776 Reverso
567 1709 763 1825 Protogeni,
782 1731 855 1801 qnae
874 1721 965 1802 gesta
986 1723 1096 1793 erant,
1118 1733 1201 1779 anus

134 1811 302 1881 indicavit
321 1815 446 1882 Ferunt
464 1812 625 1883 artificem
647 1812 797 1907 protinus
822 1812 1082 1910 contemplatum
1099 1815 1200 1885 subti·
1220 1855 1255 1892 so

134 1992 288 2063 dispositione
302 1992 408 2045 cedebat.
422 1995 496 2046 Rrot.
521 1991 645 2048 codicum
688 1991 736 2044 Est
755 1993 874 2062 penicilli
889 1991 1003 2060 ductus,
1017 2013 1097 2067 quem
1112 1997 1201 2052 ursei

135 2089 214 2125 manu
229 2085 398 2126 exaratorum
423 2073 528 2144 vestigia
549 2089 646 2144 sequu-
688 2075 806 2143 γραμμὴν
816 2078 1065 2145 ιοιιιιιμιιγριιιῖι
1076 2076 1201 2147 pictores,

136 2165 193 2210 aaa,
208 2152 355 2218 amendat,
369 2153 505 2205 Melanthio
516 2153 547 2204 ds
565 2153 647 2224 dispe·
687 2167 811 2223 opusque
829 2153 945 2224 γράμμα.
962 2153 1018 2208 Noa
1032 2167 1144 2208 tractum
1157 2173 1202 2227 pe·

135 2234 219 2282 sitione
241 2232 350 2285 releba.
373 2233 479 2286 Etenim
505 2233 644 2303 Amphion
687 2230 774 2283 nicilli
792 2232 1011 2286 vocamusebinu
1031 2235 1154 2288 omnibus
1168 2234 1199 2288 li-

136 2309 178 2362 ille
191 2309 281 2364 Plinio
299 2311 456 2382 caeterisque
471 2312 645 2383 scriptoribus
688 2312 746 2364 neis
756 2310 906 2363 absolutum
917 2329 985 2382 opus
996 2310 1029 2367 de
1037 2331 1201 2366 eonsumma-

135 2390 255 2460 iguotua3
267 2389 450 2456 Quintilianus
467 2410 546 2455 vero,
559 2392 644 2446 Instit.
688 2401 716 2442 to
737 2386 869 2456 dicimus,
892 2389 967 2460 quod
987 2403 1076 2444 estex
1096 2392 1200 2462 pictura
1284 2419 1290 2431 1

135 2469 243 2524 Orator.
252 2469 304 2524 tib,
316 2471 372 2523 XII
378 2507 387 2534 ,
400 2484 460 2541 cap.
480 2487 530 2523 ιοι
547 2495 558 2518 ι
573 2471 646 2525 Cura
687 2467 874 2540 desumptum,
891 2469 957 2523 aas&
980 2473 1130 2542 perepnpsiv.
1153 2471 1198 2525 Li·

136 2548 310 2627 Protogenes,
326 2549 430 2603 ratione
449 2549 604 2623 Pamphilus
619 2565 646 2605 et
687 2567 798 2603 nearurn
813 2567 897 2620 porro
918 2550 1045 2604 tenuitate
1063 2569 1131 2623 opus
1144 2565 1199 2620 est,

43 2623 49 2631 ’
136 2628 307 2695 Melanthia,
329 2629 453 2683 facilitate
475 2629 645 2702 Antiphilus,
688 2629 717 2681 in
730 2628 821 2681 multis
843 2628 1008 2683 lineamentis
1025 2629 1199 2702 effingendis,

135 2708 242 2779 ingenio
253 2721 282 2762 et
293 2710 392 2781 gratia,
406 2727 485 2781 quani
506 2709 535 2762 in
549 2728 578 2763 se
587 2710 645 2781 ipse
688 2708 716 2761 in
728 2708 914 2779 ‚capillamento
928 2708 1044 2780 exempli
1058 2711 1141 2782 gratia
1151 2748 1158 2771 ,
1170 2711 1199 2764 in

135 2788 248 2841 maxime
256 2790 353 2861 jactat,
361 2789 465 2859 Apellea
474 2801 513 2842 est
523 2802 646 2861 praestan-
686 2787 774 2852 venis,
788 2787 974 2859 similibusque
986 2802 1075 2843 exarte
1083 2790 1200 2843 forman-

133 2866 258 2921 tissimus.
269 2894 282 2915 ι
297 2868 351 2922 Ειι.
687 2865 729 2920 dis
741 2885 748 2919 ι
762 2866 807 2921 bie
820 2866 893 2920 enim
905 2882 961 2920 non
978 2869 1109 2939 pressiore
1124 2870 1199 2935 nisu,

173 2964 222 3015 91·
237 2946 279 2999 De
291 2949 414 3001 measurb.
430 2946 570 3013 Mensura,
581 2965 645 3021 pro·
687 2944 734 2999 aed
744 2944 857 3000 delicata
868 2964 899 3001 au
909 2964 1035 3017 suspensa
1049 2966 1129 3003 uranu
1141 2950 1199 3020 geri

133 3024 225 3095 portio
243 3038 301 3092 est,
315 3025 564 3098 ¹nonrenientiuque
583 3044 645 3098 par-
686 3043 744 3078 rem
755 3038 871 3097 oportet.
885 3026 984 3080 Statius
994 3026 1023 3078 in
1033 3028 1198 3082 Heruvin‘d.

135 3104 201 3157 tium
211 3122 284 3159 :non
294 3107 323 3159 in
330 3096 458 3159 membris
468 3104 576 3177 quidem
588 3126 646 3159 eon·
691 3130 703 3153 ι
715 3106 799 3159 linea
817 3123 876 3176 quse
896 3117 1011 3159 veterem
1028 3106 1106 3177 longe
1119 3106 1198 3161 satsa-

134 3184 208 3255 poris
223 3186 315 3250 unius,
330 3184 377 3239 sed
390 3187 418 3237 in
435 3197 492 3238 toto
504 3204 601 3256 opere,
613 3204 645 3239 ae
687 3197 730 3237 tur
741 3184 871 3254 apellem.
884 3208 896 3231 ι
910 3184 1002 3239 Haan.
1013 3186 1157 3238 -Linsrra
1167 3206 1198 3239 ιι

135 3264 256 3333 partibus
278 3265 390 3319 tabellas.
409 3265 512 3319 Plinius
526 3264 595 3319 infra
610 3263 645 3318 de
687 3262 1198 3335 soundness.sanaquivettntasapet·

134 3341 186 3395 bun
210 3344 269 3416 ipso
291 3343 531 3414 Asclepiodorum
544 3342 643 3398 Eadem
687 3342 713 3395 le
735 3340 841 3396 ductam
863 3355 966 3395 tantum
985 3356 1084 3397 rectam
1099 3344 1197 3398 lineam

134 3434 210 3475 aure
221 3423 274 3478 fuit
284 3422 504 3495 Asclepiodorus,
517 3442 598 3495 quem
614 3424 645 3479 in
687 3440 766 3493 quam
780 3420 862 3475 secuit
875 3422 1050 3493 Protogenes,
1062 3434 1089 3476 et
1100 3421 1198 3477 deinde
1250 3420 1255 3431 ⁸

136 3502 290 3571 symmeuia
307 3502 490 3557 admirabatur
503 3504 640 3575 Apelles..
687 3501 785 3555 iterum
798 3498 1008 3571 seuuitApelles.
1019 3504 1210 3573 Atqnumvirae
1302 3530 1307 3547 .

136 3578 226 3633 nnn.
688 3580 716 3632 in
730 3592 788 3634 arte
798 3592 825 3633 et
836 3578 988 3635 eruditione
1003 3596 1134 3647 summus,
1145 3582 1197 3635 ldi-

176 3678 224 3727 9a.
241 3658 374 3731 Officiosus
390 3664 469 3731 petiit.
490 3662 594 3715 Broter.
613 3679 646 3715 ex
687 3658 1197 3729 nbaelAngelus,existimavsritlineam

138 3736 211 3792 MSS.
221 3740 305 3812 Πομ.
316 3738 415 3795 etedit.
428 3742 512 3812 princ.
522 3738 645 3811 offirmare
687 3739 761 3791 illam
774 3738 854 3791 fnisse
864 3757 896 3789 an
909 3749 1016 3804 enatant,
1022 3738 1132 3810 ipseque
1141 3739 1196 3795 un'o

135 3820 264 3887 peretto.
634 3823 637 3839 ¹
688 3818 791 3889 impetu
811 3817 890 3871 talem
908 3818 1006 3871 lineam
1023 3836 1199 3875 uumsumma

177 3898 224 3966 9³·
237 3900 269 3952 In
281 3900 401 3953 mutua.
415 3900 449 3951 Le
462 3900 575 3951 chortes.
589 3897 623 3952 ll.
689 3896 811 3951 omnium
825 3894 1000 3953 admiratione
1015 3895 1199 3953 circumduae·
1222 3902 1223 3907 ’

177 3984 225 4046 94.
239 3979 347 4032 linem.
361 3976 471 4032 Lineam
482 3996 545 4031 eave
554 3977 646 4033 eredas
687 3977 737 4040 rit,
747 3975 783 4027 ab
798 3978 855 4045 ejus
867 3976 996 4031 sententia
1013 3977 1057 4029 rix
1072 3976 1134 4030 linet
1144 3976 1200 4032 dis·

139 4054 165 4107 in
180 4057 285 4128 pictura
297 4055 371 4111 idem
389 4076 421 4111 ac
440 4058 468 4111 in
485 4058 645 4129 geometrice
689 4052 793 4109 cedere.
804 4053 875 4108 Vide
886 4072 994 4126 quoqne
1008 4056 1049 4108 Cl.
1061 4074 1097 4107 na
1108 4056 1200 4123 Pruna,

136 4152 205 4201 esse,
216 4135 415 4209 longitudinem
425 4139 483 4190 sine
494 4136 645 4190 latitudine.
692 4135 721 4185 V
718 4139 751 4185 ies
766 4134 808 4185 des
819 4135 945 4199 Panem,
959 4153 987 4205 p.
1003 4153 1013 4187 ι
1023 4138 1066 4187 16.
1077 4136 1159 4189 baon.

1007 4239 1070 4311 αι’
