3100 5125
485 495 642 568 LIBER
663 487 845 564 XXXVI.
1135 495 1203 569 515

140 623 291 720 proboso
313 623 502 719 impendio,
538 641 572 696 et
607 649 786 720 operarum
819 623 1028 696 multitudine
1060 654 1120 723 per
1156 645 1207 702 tot

139 756 261 800 annos:
280 755 384 824 quum
400 746 459 802 aut
473 732 652 803 conrivatio
669 755 921 825 aquarumque
941 746 1091 804 terrenus
1110 761 1206 808 mons

140 852 228 922 erat,
245 851 436 932 egereretur
450 839 485 906 in
501 839 626 908 vertice
643 837 820 924 machinis,
836 852 895 906 aut
911 837 991 908 silex
1007 841 1204 914 caederetur:

140 944 318 1037 omniaque
339 945 428 1012 intus
454 946 489 1014 in
515 943 659 1014 tenebris
682 942 817 1027 fierent,
838 969 912 1037 quae
940 969 1047 1039 neque
1074 952 1206 1044 concipi

137 1050 270 1131 animo,
297 1049 361 1118 nisi
390 1049 433 1119 ab
455 1051 495 1120 iis
523 1051 579 1144 qui
598 1049 732 1136 videre,
759 1073 867 1142 neque
887 1049 1034 1122 humano
1055 1079 1206 1144 sermone

138 1155 288 1224 enarrari
306 1170 459 1248 possunt.

191 1263 278 1330 Nam
293 1275 411 1354 portus
426 1261 588 1332 Ostiensis
599 1258 636 1285 ¹⁰⁰
651 1285 735 1355 opus
753 1274 928 1355 pretereo:
949 1263 1108 1334 itcmvias
1122 1267 1208 1336 inter
1228 1299 1259 1332 νο

139 1381 272 1436 montes
296 1368 421 1436 excisas
437 1391 445 1434 ε
465 1391 559 1436 crare
578 1367 788 1460 Tyrrhenum
813 1390 832 1436 a
851 1369 998 1438 Lucrino
1009 1367 1043 1393 ¹⁰¹
1066 1371 1208 1442 molibus

138 1471 304 1542 seclusum
321 1497 328 1542 ε
344 1487 396 1542 tot
409 1486 527 1567 pontes
543 1473 642 1542 tantis
654 1473 832 1566 impendiis
849 1471 964 1542 factos.
979 1476 1023 1544 Et
1040 1477 1126 1546 inter
1140 1477 1209 1572 plu·

138 1579 225 1649 rima
250 1574 316 1647 alia
347 1577 452 1647 ltaliae
479 1576 657 1663 miracula,
682 1580 753 1672 ipsa
781 1601 950 1649 marmora
970 1582 1005 1648 in
1027 1580 1209 1677 lapicidinis

137 1707 289 1754 cresccre
304 1698 421 1754 auctor
436 1699 487 1762 est
507 1685 657 1778 Papirius
672 1685 855 1772 Fabianus,
869 1700 997 1754 naturre
1017 1712 1127 1758 rerum
1148 1715 1208 1784 pe·

139 1791 337 1860 citissimus:
352 1804 561 1885 exemptores
577 1815 712 1883 quoque
727 1790 898 1860 affirmant
915 1791 1075 1887 compleri
1092 1810 1210 1888 sponte

138 1893 196 1967 illa
218 1896 382 1965 montium
403 1893 548 1966 hulcera.
574 1898 659 1984 Quae
677 1898 705 1965 si
722 1919 803 1966 vera
822 1911 915 1982 sunt,
941 1923 1015 1991 spes
1037 1913 1087 1968 est
1114 1926 1209 1970 num·

139 2023 241 2096 quam
262 2000 452 2070 defuturam
473 2000 647 2071 luxuriam.

192 2097 443 2198 XXV.(xv1.)A
453 2108 674 2178 marmoribus
684 2107 881 2201 digredienti
893 2108 934 2177 ad
946 2107 1147 2203 reliquorum
1159 2111 1208 2182 la·
1232 2141 1241 2174 t

140 2212 259 2308 pidum
277 2214 421 2307 insignes
439 2227 592 2296 naturas,
608 2215 682 2306 quis
698 2213 827 2282 dubitet
840 2216 873 2282 in
890 2217 1003 2308 primis
1021 2233 1209 2310 magnetem

136 2317 339 2390 occurrere?
355 2319 435 2412 quid
449 2319 537 2386 enim
550 2317 753 2388 mirabilius?
775 2333 834 2388 aut
847 2343 911 2413 qua
928 2323 962 2388 in
978 2336 1071 2415 parte
1085 2338 1211 2394 naturae

139 2425 248 2518 major
267 2422 481 2519 improbitas?
499 2424 647 2494 Dederat
666 2449 783 2494 vocem
803 2426 905 2508 saxis,
926 2441 964 2493 ut
981 2425 1148 2512 diximus¹,
1165 2455 1211 2498 ra·

138 2531 359 2627 spondentem
382 2529 532 2615 homini,
559 2532 663 2599 immo
687 2554 767 2599 vero
791 2545 826 2600 et
850 2530 1094 2625 obloquentem.
1117 2535 1210 2623 Quid

140 2637 259 2733 lapidis
273 2640 384 2733 rigore
403 2634 553 2732 pigrius?
567 2640 656 2705 Ecce
678 2661 791 2706 sensus
812 2662 996 2731 manusque
1014 2638 1132 2707 tribuit
1151 2640 1208 2710 illi.

139 2744 233 2836 Quid
247 2743 326 2813 ferri
337 2742 458 2811 duritia
470 2742 677 2836 pugnacius?
687 2742 751 2812 Sed
765 2743 871 2828 cedit,
882 2757 917 2811 et
930 2743 1066 2837 patitur²
1082 2772 1207 2816 mores:

139 2851 286 2919 trahitur
299 2872 443 2943 namque
456 2873 476 2916 a
487 2864 641 2943 magnete
656 2847 784 2943 lapide,
795 2848 1015 2943 domitrixque
1027 2850 1082 2919 illa
1096 2877 1208 2921 rerum

140 2958 291 3025 omnium
310 2956 447 3024 materia
466 2954 509 3021 ad
530 2956 627 3023 inane
650 2958 762 3025 nescio
781 2940 878 3050 quid³
901 2958 1031 3025 currit:
1053 2972 1152 3051 atque
1172 2974 1210 3028 ut

141 3063 280 3157 propius
306 3064 417 3145 venit,
435 3061 575 3142 assistit,
592 3075 807 3155 teneturque,
827 3060 1070 3157 complexuque
1095 3065 1207 3135 haeret.

139 3152 369 3239 Sideririn⁴0b
381 3167 447 3236 hoc
457 3154 1003 3265 alionomincappellantquidam⁵
1013 3170 1206 3240 Heracleon.
1228 3200 1242 3230 π

186 3358 247 3396 roo.
261 3338 328 3392 Nem
336 3345 422 3408 portus
441 3335 569 3391 Ostiensis.
589 3338 655 3390 Sue·
698 3336 733 3389 ll.
749 3366 790 3379 -·
804 3337 868 3390 Mor
884 3338 956 3391 Brot.
969 3350 1069 3406 tenetur,
1091 3356 1141 3398 etc.
1156 3344 1208 3399 En.

141 3423 233 3478 tonius
244 3419 273 3471 in
286 3416 416 3481 Claudio,
432 3432 490 3485 cap.
503 3432 558 3468 xx:
572 3416 657 3468 «Por-
740 3416 767 3469 3.
783 3417 830 3470 Aa
846 3420 916 3469 laone
935 3422 1013 3471 nescio
1027 3424 1093 3493 quid.
1109 3424 1150 3476 Ad
1165 3428 1210 3479 ali·

144 3516 204 3557 enm
225 3497 306 3552 Ostiae
317 3495 466 3559 exstruxit,
479 3506 527 3548 etc.
539 3520 552 3542 ι
569 3496 604 3547 Η.
613 3525 656 3537 -
698 3492 766 3565 quid
778 3495 853 3567 quod
864 3495 949 3549 videri
962 3500 1046 3551 oculis
1057 3505 1159 3573 nequit.
1174 3504 1207 3557 H.

146 3585 258 3637 Portum
268 3577 415 3629 Ostiensem
423 3586 512 3645 postea
521 3575 657 3644 ampliavit
741 3580 767 3638 4.
778 3574 901 3628 Siderr'ts'n.
917 3572 1039 3648 ttdnpirrs
1050 3580 1163 3651 Hesych.
1174 3584 1208 3636 tt.

144 3674 173 3717 ct
181 3654 514 3727 ornaritTrajanus.Conl.
523 3653 656 3719 Tacitum,
701 3652 743 3708 Ob
755 3656 808 3708 hoc.
823 3656 896 3707 Brot.
909 3655 939 3708 ob
952 3657 985 3708 id.
1001 3659 1053 3711 Eu.

142 3754 166 3797 t.
177 3742 214 3805 V,
228 3754 257 3810 p.
274 3738 326 3790 101
343 3746 372 3788 et
386 3733 442 3789 385
457 3732 499 3786 cd.
515 3750 589 3787 mee.
605 3734 655 3787 lin.
740 3736 766 3787 ⁵.
781 3734 886 3803 Quidem
901 3735 1043 3788 Heracleon.
1056 3736 1208 3793 subintelli-

186 3836 250 3872 1or.
260 3817 287 3869 A
299 3816 444 3867 busdam
455 3812 573 3865 Lucrino
583 3812 654 3875 lacu,
716 3832 746 3877 e,
758 3812 883 3885 lapidem.
893 3812 1053 3885 Hesychius,
1066 3836 1126 3887 pag.
1137 3828 1188 3889 ⁴²7
1200 3838 1206 3872 :

140 3900 180 3955 de
193 3916 248 3971 qno
258 3897 307 3949 lib.
315 3894 358 3947 111
368 3932 376 3958 ,
388 3910 447 3963 esp.
463 3910 491 3961 9.
505 3892 595 3945 liano.
737 3893 822 3945 ἀκλινα
833 3894 912 3957 λίθος,
923 3896 951 3951 ἣν
965 3895 1021 3947 ἶνιοι
1040 3903 1158 3965 μαγνῆτιν
1170 3903 1210 3951 λέ-

174 3962 654 4041 ‘xxv.r.tlsdtstssss.cap.st.fl.
700 3988 826 4103 Leucis...
855 3973 972 4027 statmo
1001 3968 1031 4025 dl
1057 3976 1132 4037 οὕτως
1160 3978 1208 4031 ἀπὶ

193 4074 221 4109 2.
235 4056 374 4123 Etpcts’trrr
393 4068 476 4103 mom.
494 4050 528 4102 Et
541 4051 660 4103 mitiores
723 4050 835 4121 pardales
847 4058 897 4112 τῆς
918 4054 941 4105 ls
954 4046 1036 4123 Audio
1054 4057 1156 4117 πόλιως.
1170 4060 1209 4110 Διὸ

149 4134 258 4190 videtur
269 4131 382 4186 induere
392 4143 421 4184 et
430 4131 550 4200 recipere
561 4145 657 4183 mores.
702 4129 744 4181 sol
755 4132 875 4197 Σοφοκλῆς
889 4125 983 4184 Λυδίαν
995 4132 1058 4185 λίθον
1075 4137 1150 4193 αὐτὴν
1165 4158 1210 4191 22.

1016 4227 1078 4301 33²
