3100 5125
328 499 401 572 utu
594 505 633 573 c.
660 489 827 575 rnlu'u
851 507 963 576 usn.
989 505 1117 572 msa.

329 649 429 728 atque
439 633 582 721 luxuria,
596 652 733 737 propter
747 663 913 734 gemmam
928 637 1184 733 proscribentis:
1205 659 1267 704 nec
1283 636 1400 704 minor

311 743 427 859 (Nonii
447 744 675 830 contumacia,
698 747 989 874 proscriptionem
1000 769 1094 814 suam
1114 743 1268 827 amantis,
1289 765 1397 834 quum

328 848 426 916 etiam
448 848 526 919 fera
551 837 717 919 abrosas¹³
736 867 847 945 partes
858 875 1007 946 corporis
1025 848 1232 943 relinquant,
1256 861 1400 941 propter

328 977 411 1046 quas
432 978 467 1022 se
486 953 662 1047 periclitari
680 958 795 1027 sciant.

296 1093 309 1128 1
383 1061 495 1127 xxss.
518 1061 605 1129 Vitia
627 1061 775 1155 opali,
750 1087 777 1131 ss
795 1061 914 1133 color
905 1087 939 1131 m
959 1061 1073 1131 florem
1092 1061 1221 1144 herbae,
1245 1083 1320 1152 quas
1338 1081 1398 1125 vo-

328 1179 424 1236 catur
450 1163 703 1262 heliotropium,
723 1183 834 1254 exeat,
861 1183 919 1236 aut
939 1165 1149 1262 crystallum,
1176 1179 1234 1234 aut
1257 1161 1393 1258 grandi·

328 1296 426 1340 nem:
443 1296 469 1340 ss
462 1270 563 1340 sal
555 1272 785 1359 interveniat,
806 1289 864 1343 aut
881 1275 1050 1355 scabritia,
1069 1287 1127 1342 aut
1148 1284 1272 1366 puncta
1290 1267 1397 1338 oculis

328 1380 555 1448 occursantia.
564 1377 739 1509 nullosque
752 1381 858 1476 magis
872 1381 965 1450 lndsa
976 1374 1201 1448 similitudine
1217 1375 1394 1445 indiscreta

329 1484 417 1552 vitro
439 1470 631 1555 adulterati
666 1486 975 1580 Experimentum
967 1511 1000 1555 m
1029 1483 1097 1555 sole
1127 1497 1266 1554 tantum.
1294 1479 1399 1549 Falsis

329 1591 419 1659 enim
440 1605 558 1660 contra
576 1590 686 1662 radios
702 1581 861 1678 libratis⁴,
879 1593 980 1688 digito
998 1617 1038 1661 ac
1081 1588 1177 1660 ollice
1193 1613 1280 1656 unus
1298 1602 1398 1717 ptque

329 1695 417 1765 idem
435 1694 616 1766 translucet
629 1697 742 1767 colos
733 1723 766 1766 ιιι
783 1723 817 1767 se
831 1713 1074 1793 consumptus.
1093 1697 1171 1765 Veri
1186 1679 1312 1790 fulgor-⁶
1323 1693 1395 1764 suls

329 1801 406 1870 inde
425 1803 549 1881 variat,
564 1817 597 1872 et
611 1801 686 1911 plus
698 1804 766 1874 huc
780 1803 921 1900 illucque
939 1805 1080 1899 spargit,
1094 1817 1127 1872 ct
1141 1799 1253 1895 fulgor
1267 1799 1371 1870 lucis
1364 1824 1394 1867 m

296 1938 311 1972 ι
329 1907 451 2002 digitos
464 1906 623 1977 funditur.
642 1913 736 1978 Hanc
750 1935 913 2004 gemmam
929 1925 1067 2006 propter
1085 1910 1239 1978 eximiam
1258 1909 1394 2002 gratiani

329 2012 478 2110 plerique
494 2013 704 2110 appellavere
721 2016 914 2111 paederota⁷.
936 2019 1019 2086 Sunt
1039 2031 1072 2085 et
1089 2017 1146 2110 qui
1162 2014 1329 2111 privatum
1345 2037 1395 2108 ge·

328 2159 406 2214 MSS.
423 2162 489 2232 Reg.
508 2182 534 2225 s,
544 2161 623 2214 colb
638 2162 666 2227 3,
679 2163 841 2234 ceterisque,
885 2182 945 2218 rum
965 2163 1142 2216 mixturarum
1161 2181 1213 2215 ars.
1234 2159 1267 2214 ld
1289 2158 1395 2231 quidem

331 2239 450 2310 «viginti
471 2241 545 2294 mille
566 2260 749 2307 nummum,-
767 2241 842 2314 quod
885 2261 935 2296 nos
949 2243 976 2296 in
989 2256 1061 2297 tanta
1069 2243 1166 2296 artium
1179 2241 1240 2294 luce
1256 2241 1330 2294 latet.
1344 2241 1397 2294 Car·

330 2316 403 2384 idern
418 2332 467 2374 est.
485 2319 577 2374 lisso.
588 2279 743 2393 -Vigiriti
759 2322 842 2375 millia
885 2336 955 2376 teras
972 2341 1063 2376 omnes
1080 2341 1214 2416 gemmas,
1225 2333 1322 2392 prester
1335 2339 1398 2389 ops·

330 2401 479 2454 sestertium
494 2413 558 2454 sunt
572 2414 686 2454 monens
699 2402 841 2454 nostrali-
885 2404 956 2468 lum,
966 2411 1057 2456 'sumus
1071 2402 1176 2456 imitati.
1190 2403 1276 2454 Baor.
1291 2399 1397 2451 -No-

330 2479 387 2533 larse
407 2480 508 2551 3319),
521 2478 596 2552 qnod
613 2481 754 2533 minimum
771 2494 843 2534 certe
885 2483 972 2536 rimus
1001 2495 1074 2536 certe
1102 2482 1212 2534 vitream
1238 2480 1398 2543 mixturam,

331 2573 371 2615 est
380 2560 453 2631 opali
466 2560 595 2631 pretinm,
609 2561 632 2614 si
645 2560 843 2631 pulcherrimus
885 2576 974 2627 strass,
987 2564 1062 2634 cujus
1077 2581 1130 2634 ope
1140 2559 1308 2615 adamantem
1326 2558 1396 2612 indi·

331 2640 396 2705 tntu
409 2654 436 2694 et
447 2658 503 2695 esse
510 2658 573 2693 sane
582 2638 686 2705 debuit,
697 2641 747 2712 qni
755 2654 842 2694 tanto·
885 2656 967 2697 screto
977 2641 1159 2705 similitudine,
1166 2652 1263 2709 prseter
1271 2638 1396 2693 duritiam
1480 2656 1484 2665 ⁴

331 2717 569 2789 peradiligeretnr.
586 2718 666 2773 Unde
678 2738 761 2791 anssn
776 2718 840 2775 edit.
885 2741 916 2776 ac
927 2721 1048 2793 pondus
1066 2722 1215 2783 imitamen
1231 2720 1321 2771 multa
1337 2730 1397 2770 sunt

331 2799 600 2869 princepsexhibest,
607 2799 675 2855 115.
681 2800 751 2861 XX,
755 2818 845 2853 emen·
886 2802 943 2855 aliae
955 2802 1075 2854 mixturas
1084 2801 1327 2871 ‚quibusgemmes
1341 2798 1401 2867 plu-

332 2876 456 2959 dandum
467 2878 536 2931 sorte
552 2879 690 2931 Broterius
704 2880 841 2949 opinetur.
884 2883 966 2936 rimas
990 2882 1054 2935 alias
1079 2879 1279 2945 adulteremus,
1308 2878 1401 2947 opelos

331 2957 397 3012 H·S.
417 2961 481 3008 ΧΧ·
473 2976 555 3029 ,quse
569 2969 631 3012 sunt
644 2957 844 3012 viciescentena
886 2980 950 3016 rero
968 2960 1056 3015 stasmi
1070 2958 1221 3013 etarsenicr
1214 2954 1332 3020 ⁸(oss'des
1346 2958 1398 3009 d'e·

332 3038 414 3091 millia
428 3038 592 3102 sestertium,
610 3054 658 3089 sen
671 3036 772 3108 gallicae
785 3055 844 3091 nro·
889 3030 1120 3107 tainetd'nrseus'c)
1133 3040 1257 3091 mixtura.
1267 3038 1319 3091 Eu.

332 3130 401 3172 nette
402 3118 489 3172 liure
502 3117 646 3185 389,ι5ι,
661 3115 709 3171 sed
723 3118 844 3189 etmajus
929 3126 955 3185 4.
975 3118 1088 3172 Libratis.
1102 3118 1229 3171 Versatis.
1244 3118 1339 3173 lisan.

332 3194 362 3253 ld
373 3198 489 3269 pretium
505 3196 618 3251 ridetur.
634 3198 686 3249 En.
930 3201 956 3253 ὅ.
974 3200 1005 3252 Is
1022 3219 1047 3251 se
1062 3208 1219 3267 conceptus.
1238 3196 1312 3249 Nihil
1326 3208 1399 3249 exus

377 3276 422 3330 13.
436 3279 517 3347 Quam
526 3277 669 3344 etiesssem
681 3277 789 3329 ebrosus.
804 3279 845 3331 De
887 3278 993 3333 uineis
1005 3279 1128 3349 ejiciens,
1142 3288 1187 3331 snt
1198 3294 1332 3347 spargens.
1344 3276 1378 3327 ll.

189 3352 192 3359 ’
220 3379 224 3388 ·
332 3355 403 3410 fibro
423 3355 452 3410 id
471 3375 552 3428 snpra
570 3356 675 3427 scripsit
699 3356 844 3423 litsvttt,
912 3361 957 3412 ’6.
972 3358 1033 3410 Veri
1041 3356 1142 3427 fulgor,
1159 3369 1207 3410 etc.
1223 3356 1292 3408 Veri
1310 3368 1402 3408 antens

333 3454 392 3508 cap.
408 3436 453 3491 30.
465 3438 535 3489 Dar..
551 3464 586 3478 -
602 3435 683 3504 Quum
692 3438 844 3503 etiamferoe.
888 3438 959 3508 opali
970 3437 1066 3508 fulgor.
1078 3436 1168 3489 Hanc.

334 3516 472 3581 Castores,
501 3512 535 3568 de
563 3515 663 3586 quibus
688 3515 736 3569 lib.
755 3518 845 3583 vut,
929 3536 955 3587 7.
974 3517 1110 3570 Poedemte.
1130 3511 1297 3586 Πιιδίρωτα,
1316 3532 1399 3566 renn

333 3613 393 3667 esp.
408 3600 455 3665 47.
466 3594 560 3649 Hsan.
646 3641 651 3651 ,
889 3607 957 3649 stum
972 3614 1047 3668 seque
1060 3613 1238 3687 acpuernm.
1230 3593 1402 3646 wellam

373 3676 503 3732 xxltr.
523 3674 552 3727 Si
562 3674 624 3726 sel
614 3678 765 3727 armenias
775 3676 845 3727 Ver·
888 3676 985 3747 puerili
1001 3693 1111 3747 corpori
1102 3673 1244 3727 similem
1253 3672 1399 3742 Orpheus,

333 3773 403 3815 ruse
416 3774 510 3825 genus,
524 3753 607 3807 instar
619 3754 825 3825 panisslrsll
888 3756 944 3826 περι
955 3755 1035 3813 usos
1046 3755 1084 3808 tit.
1098 3744 1230 3813 census·
1243 3748 1401 3823 aspidica

376 3834 578 3889 assentientem
601 3834 737 3888 indisereta.
759 3833 845 3886 Tanta
889 3836 984 3905 rs'psrsu
1015 3835 1058 3888 ses
1093 3834 1206 3886 ὂπᾶλλιιι
1234 3834 1401 3929 stipavisses,

333 3913 519 3979 similitudine,
538 3925 568 3967 ιιι
590 3914 636 3965 rix
655 3913 734 3966 l'alsos
745 3912 846 3967 dism-
887 3905 997 3985 Ᾰγλιών,
1016 3916 1113 3986 {pipeti
1130 3914 1216 3983 ripere
1228 3914 1291 3981 χρόαι
1308 3906 1398 3971 παιδὸς

333 4012 398 4048 nere
412 3994 488 4047 liceat
499 4012 515 4045 a
528 3992 606 4046 reris.
620 3994 710 4047 lisso.
889 3994 985 4061 Ιχοντιι.
1004 3990 1400 4061 —Poederote.1tsuppellsba·

376 4073 403 4125 3.
417 4074 490 4125 Virro
504 4073 634 4125 adstiterat.
650 4072 842 4127 Perfectissima
887 4084 930 4126 tar
949 4074 1058 4144 opalus,
1078 4091 1092 4125 a
1112 4082 1246 4125 venustate
1263 4082 1290 4123 et
1309 4086 1403 4123 umore

334 4170 397 4224 ergo
407 4152 459 4205 fnit
465 4152 538 4225 apud
548 4151 630 4207 Indos
639 4152 700 4208 vitri
711 4164 739 4209 st
748 4153 843 4207 vitrea·
886 4170 1031 4225 puerorum
1045 4152 1145 4207 Grecis
1154 4150 1301 4205 notissimo.
1312 4148 1399 4207 Bane.
