3100 5125
361 482 432 578 478
635 486 677 554 C.
702 483 870 554 PLINII
895 487 1004 556 NAT.
1032 485 1162 554 HIST.

361 615 523 685 sinoen¹’.
561 615 645 684 Inde
675 641 751 684 eum
782 615 954 686 navalibus
981 614 1228 686 incommodum
1262 617 1430 688 Maximus

361 721 494 817 quidam
516 720 690 816 profectus
709 719 842 817 AEgypti
859 721 1027 794 transtulit
1042 723 1077 791 in
1098 721 1225 810 forum,
1249 724 1430 793 reciso‘ca·

361 879 526 949 Philopator,
539 877 587 948 qni
600 889 627 930 et
639 869 789 946 Tryphon',
811 895 874 930 curn
917 896 970 950 que
981 876 1052 930 enim
1065 890 1214 943 oonseerst,
1224 891 1270 932 aut
1277 879 1349 932 inter
1356 877 1432 934 diros

270 986 274 996 ¹
361 960 475 1028 eonjuge
485 954 631 1027 eademque
641 973 742 1008 sorore.
753 954 834 1009 Unde
847 968 875 1008 et
917 957 1038 1029 reponit,
1052 957 1104 1009 uisi
1124 969 1239 1028 potestus
1257 957 1382 1028 superior
1400 978 1431 1014 eo

361 1038 440 1091 umbo
463 1039 608 1090 Asusoot
630 1049 767 1090 vocantur.
784 1036 876 1090 Philo·
917 1038 963 1108 qui
982 1049 1159 1090 consecratur.
1172 1037 1300 1092 Euosuea
1316 1050 1371 1104 est,
1385 1056 1432 1093 eur

321 1118 326 1127 '
361 1115 603 1188 metorigitupeurn
614 1116 754 1186 Cleopatra
762 1117 876 1188 conjuge
917 1116 986 1170 nulli
1002 1134 1094 1188 regum
1111 1115 1139 1168 in
1151 1115 1268 1182 Grecis,
1283 1117 1375 1188 Syria,
1389 1121 1430 1172 vel
1519 1189 1521 1194 Ι

362 1194 486 1249 eteodem
494 1195 808 1258 sorore,a'nhoonummo
818 1195 876 1266 pin·
918 1199 1036 1268 AEgypto
1053 1196 1199 1249 consecrati
1218 1209 1381 1267 appareant,
1398 1217 1432 1252 ne

364 1274 875 1346 giturparteunu3etarnboibiOEOI:
918 1277 973 1347 ipse
999 1272 1107 1346 quidem
1133 1273 1281 1329 Alexander
1303 1275 1429 1348 Megnns3

366 1356 482 1422 inaltera
492 1353 759 1419 deindennssnusslt,
768 1354 876 1420 horest,
919 1355 1021 1426 quippe
1033 1354 1080 1426 qui
1094 1354 1146 1408 sint
1159 1355 1217 1426 ipso
1230 1358 1290 1426 jure
1305 1355 1432 1410 natalium

365 1435 454 1488 fratris
480 1447 507 1487 et
531 1435 631 1488 sororis
657 1435 758 1504 pariter
783 1452 875 1504 regum
918 1432 974 1488 divi
982 1446 1042 1506 post
1054 1447 1169 1487 mortem
1181 1453 1264 1506 regen.
1272 1440 1360 1506 Atque
1371 1435 1432 1490 hine

365 1504 439 1583 (uam
460 1525 523 1567 sunt
546 1513 666 1566 omnium
686 1513 771 1585 capite
790 1513 877 1567 cinctu
917 1514 1064 1586 intelliges,
1079 1512 1108 1566 id
1121 1513 1193 1585 quod
1209 1513 1317 1568 aliunde
1332 1528 1433 1569 constet

366 1583 534 1663 diademate)
555 1593 604 1646 lilii
623 1593 800 1664 appellantur.
818 1591 876 1647 Θιοὶ
918 1593 1095 1664 argumentis,
1116 1595 1292 1663 Imperatores
1308 1613 1431 1648 romanos

366 1669 478 1742 tenpus
500 1671 640 1736 dicuntur,
663 1691 715 1744 qna
737 1673 821 1724 fornia
849 1683 877 1724 et
918 1673 1019 1726 senatui
1032 1672 1269 1743 iuisseeubjeotos,
1282 1691 1297 1726 a
1312 1692 1369 1744 quo
1379 1673 1431 1726 uti·
1544 1699 1545 1718 i

365 1751 509 1806 Alexander
533 1752 658 1822 Philippi,
690 1751 877 1804 subintellecto
918 1771 970 1823 qne
991 1753 1213 1805 consecrabuntur
1230 1753 1267 1818 ii,
1293 1754 1341 1823 qui
1362 1754 1431 1808 hune
1544 1777 1545 1786 ¹

365 1832 415 1884 lilii
425 1831 739 1901 nomine,nnncupatur.
750 1829 877 1884 Vidimus
918 1831 969 1884 sibi
988 1843 1048 1901 post
1063 1831 1165 1884 obitum
1186 1831 1285 1899 deferri
1301 1833 1430 1886 honorem

366 1907 877 1981 exaumsiniilempuleherrimurnepud
919 1911 947 1963 in
967 1910 1020 1963 rita
1040 1911 1205 1964 meruissent.
1226 1912 1285 1964 Hoc
1307 1913 1358 1966 fuit
1376 1924 1431 1966 acta

365 1990 400 2043 D.
421 2008 458 2042 nn
478 1991 570 2042 Bou:
586 1991 614 2042 in
630 2008 686 2061 quo
707 2007 782 2060 nque
797 2002 877 2061 atque
919 2007 1012 2042 eorum
1028 1990 1118 2042 omnia
1136 2004 1191 2044 rata
1211 1991 1319 2056 baberi,
1338 2004 1366 2044 et
1383 2009 1430 2062 pu·

365 2069 467 2123 insiliis
485 2081 513 2122 et
527 2081 589 2122 sunt
601 2069 698 2122 elensis
714 2069 799 2122 oeulis
812 2069 876 2122 Pto·
917 2068 989 2122 blica
1004 2069 1159 2122 eustoritate
1174 2069 1337 2123 confirmari.
1349 2073 1429 2124 Deui-

364 2150 471 2203 lesneus
484 2148 644 2220 Philopator
653 2161 680 2201 et
693 2167 771 2214 uxor,
784 2161 814 2202 ut
822 2150 876 2220 jum
918 2166 970 2219 que
985 2149 1048 2202 hine
1063 2165 1170 2220 quoqne
1184 2149 1277 2214 disoes,
1292 2150 1384 2204 selsam
1400 2151 1430 2204 il·

365 2229 420 2282 lato
437 2228 536 2292 sanctie
549 2240 577 2281 et
588 2229 715 2300 majorem
727 2229 878 2299 proferunt
919 2229 971 2280 larn
985 2228 1127 2300 fictamque
1145 2229 1344 2301 inscriptionem
1362 2249 1429 2296 esse,

366 2321 484 2374 etatem,
497 2308 704 2378 qnilsuauornen
719 2312 877 2362 ΔΔΒΔΦΩΝ
919 2312 1018 2362 ΘΕΟΙΣ
1032 2311 1187 2367 mrum,
1201 2309 1359 2380 quedieats
1373 2311 1432 2364 Pto·
1544 2327 1545 2332 ¹

365 2387 577 2458 superscriptum
599 2400 657 2452 est,
677 2400 757 2458 quern
781 2385 878 2458 quibus
920 2387 1012 2440 lemno
1026 2386 1112 2440 Soteri
1121 2400 1148 2440 et
1158 2389 1265 2460 conjugi
1277 2388 1386 2443 dieitur.
1396 2391 1429 2443 ll.

365 2473 459 2523 omn
476 2485 483 2520 :
499 2465 624 2538 qnoniam
641 2465 815 2521 videlicetilli
830 2485 878 2539 pa-
961 2485 1008 2536 ²7·
1037 2467 1166 2520 Arsinoes.
1196 2469 1330 2521 Nummus
1354 2481 1431 2522 tetra·

366 2559 470 2613 rentes,
481 2546 512 2599 hi
524 2545 602 2600 liberi
616 2559 678 2600 sunt
694 2565 702 2600 :
720 2543 835 2618 ideoque
848 2547 877 2600 hi
919 2543 1053 2601 drachma
1064 2545 1183 2618 pondere
1192 2566 1225 2601 ex
1234 2566 1300 2602 auro
1309 2548 1430 2613 eximius,

365 2644 421 2681 non
433 2626 529 2680 clausis
540 2626 639 2690 oeulis,
655 2625 702 2679 sed
716 2626 828 2697 apertis,
848 2639 878 2679 ut
919 2644 999 2699 quem
1008 2626 1123 2681 vidimus
1133 2626 1203 2697 apud
1212 2626 1245 2680 D.
1257 2630 1431 2693 nnCnrrsrns,

367 2706 420 2760 sisi
432 2708 589 2779 pinguntur.
601 2708 696 2776 Itaque
705 2706 754 2759 troi
765 2702 878 2777 deletique
919 2708 1123 2778 eaputrelstum
1133 2724 1164 2758 ex
1176 2720 1309 2779 unaparto
1318 2709 1432 2773 exhibet,

366 2786 386 2839 ii
401 2785 528 2839 dicuntur
541 2806 548 2836 ι
561 2784 590 2837 id
602 2785 879 2855 quodidenrruletuo
921 2804 984 2840 euin
999 2787 1055 2839 loto
1071 2786 1212 2841 invertioe
1229 2785 1326 2859 :qnod
1345 2789 1430 2841 velum

366 2864 490 2919 ridicae:
501 2864 555 2918 orti
568 2866 647 2917 ambo
657 2883 691 2917 ex
702 2879 796 2935 patre,
812 2883 878 2929 avo,
922 2879 1102 2919 matronarum
1120 2865 1222 2937 insigne
1238 2880 1293 2928 een
1310 2880 1344 2919 ut
1364 2868 1431 2920 lotus

365 2962 483 3017 proavo,
498 2945 635 3014 aburoqne
654 2945 775 3015 regibus3
793 2962 880 3015 neque
923 2945 1031 3017 AEgypti
1046 2962 1096 2998 :ex
1108 2944 1189 2998 altera
1203 2960 1279 3017 parte
1294 2948 1431 3017 geminum

365 3025 419 3079 hoe
436 3037 555 3088 tantum
574 3022 622 3076 sed
641 3035 668 3077 et
688 3021 770 3077 iidem
795 3025 875 3077 umbo
918 3024 1109 3095 Coruuoopire,
1123 3040 1182 3077 cum
1199 3026 1250 3079 luo
1266 3028 1427 3098 epigraphe:

365 3104 416 3157 lilii
433 3104 550 3156 liliorum
570 3120 680 3174 regum:
700 3103 753 3157 hoo
767 3116 822 3166 est,
842 3120 875 3157 ex
918 3108 1087 3157 arztuouz
1113 3108 1335 3159 ΦΙΔΑΔΕΔΦΟΥ.
1362 3107 1431 3159 Hinc

366 3197 450 3237 matre
462 3184 542 3237 οτὶιιιι
562 3184 618 3236 nati
637 3184 730 3248 ambo,
742 3181 875 3255 siquidem
919 3183 950 3237 L.
963 3190 1016 3248 ΔΓ,
1028 3200 1211 3247 ennoxxx1113
1223 3183 1348 3238 indellA
1362 3204 1369 3238 τ
1382 3188 1431 3239 hoe

365 3264 475 3326 traua,
497 3279 557 3333 quse
572 3263 629 3334 ipsa
643 3275 711 3316 esset
731 3281 764 3315 ex
784 3275 875 3335 patre,
919 3263 1305 3332 est‚1]eplos.lnlrelittsras
1324 3268 1432 3318 Hdco·
1544 3262 1545 3265 ’

365 3362 416 3397 evo
430 3356 460 3396 et
471 3360 572 3413 proavo
592 3343 700 3413 regibus
711 3354 778 3396 orte.
789 3344 877 3395 Voces
919 3342 1010 3396 lumba
1025 3355 1080 3406 est,
1094 3342 1220 3411 qnoniam
1234 3342 1367 3398 columbe
1380 3344 1431 3417 cy-

366 3423 638 3475 uimemboeunrt
646 3426 877 3476 nunonrtoon-
920 3421 1072 3494 priaeetism
1080 3420 1432 3493 hod'aequeoelebratiseime

364 3502 442 3574 jungi
466 3512 607 3573 oportere,
634 3502 773 3556 manifeste
799 3500 877 3555 donet
919 3514 981 3555 sunt
998 3502 1034 3554 ob
1057 3500 1142 3554 cristes
1163 3514 1338 3557 venustatem.
1361 3504 1430 3558 Hinc
1544 3544 1545 3551 κ

365 3600 491 3635 nummus
501 3582 576 3646 alter,
588 3580 616 3633 in
629 3600 685 3653 quo
699 3583 806 3636 unicam
821 3582 878 3652 epi·
919 3581 1030 3635 Arsinoe
1042 3580 1182 3651 profitetur
1194 3600 1267 3655 nque
1280 3584 1321 3635 sui
1331 3584 1431 3655 prinei·

364 3660 878 3733 grapheupartissnticevoeeseredue
920 3673 997 3734 patna
1026 3678 1056 3713 se
1078 3674 1131 3713 sne
1154 3660 1262 3715 ditionis
1288 3664 1431 3734 AEpyptnrn

365 3741 487 3795 effieinnt
498 3742 714 3794 :tametsisultue
723 3740 804 3795 iidem
814 3758 878 3811 qua·
920 3756 991 3808 esse,
1002 3752 1081 3812 utque
1094 3740 1182 3795 fratris
1195 3740 1368 3813 ejusdemque
1381 3760 1432 3796 nra·

365 3832 429 3875 tuor
449 3835 590 3891 utramque
608 3821 721 3893 implent
737 3820 877 3891 paginam,
917 3821 964 3882 ,riti
984 3820 1035 3873 sui.
1047 3818 1202 3874 Notandum
1221 3822 1249 3873 in
1268 3838 1302 3873 eo
1321 3838 1431 3875 nummo

365 3900 418 3955 hoo
439 3914 494 3967 est,
521 3900 624 3952 nummi
646 3918 742 3953 amem.
761 3900 823 3963 Θιὸς
847 3900 876 3953 in
919 3912 1046 3972 praeterea
1061 3913 1115 3967 est,
1127 3901 1245 3954 litteram
1257 3900 1280 3951 1.
1293 3918 1344 3972 pro
1357 3902 1430 3954 tussi·

366 3982 483 4035 nummis
494 3980 605 4053 AEgypti
618 3980 661 4033 rel
673 3981 757 4051 Syrie
768 3998 877 4052 regum,
921 3978 1010 4041 devere
1022 3978 1147 4033 adscitum
1156 3981 1191 4033 ab
1206 3982 1341 4052 AEgyptiis
1351 3982 1431 4034 luisse

365 4076 421 4112 non
432 4059 526 4114 dirum
537 4059 681 4131 significat,
696 4059 752 4114 eive
763 4060 877 4114 relatum
920 4078 953 4115 ex
974 4060 1116 4132 alphabeto
1130 4078 1257 4125 romano,
1266 4061 1431 4134 priusquam
1544 4052 1545 4079 l

365 4140 436 4193 iuter
448 4138 538 4206 divos,
551 4152 597 4194 eut
612 4153 809 4197 consecratum.
826 4140 878 4193 Ne·
920 4140 949 4193 in
962 4140 1024 4195 Asia
1035 4140 1090 4195 eive
1105 4140 1189 4211 Syria.
1201 4140 1293 4194 nien.
