3100 5125
409 573 413 582 .
474 515 629 584 LIBER
655 517 860 584 XXXVII.
1132 518 1195 590 581

134 646 227 715 idern
246 650 451 716 Xenocrates
469 645 589 733 tradit,
615 648 818 732 torrentibus
835 647 1123 744 saepedeportsri.‘
1138 654 1199 721 Su·

133 753 232 820 dines
257 778 339 821 vero
366 767 486 846 negat,
506 753 566 820 nisi
598 752 641 821 ad
668 753 837 822 meridiem
864 756 1088 849 spectantibus
1119 755 1200 828 locis

133 859 253 932 nasci:
271 858 362 952 quod
380 873 508 927 certum
526 873 600 927 est:
618 883 686 927 non
707 861 795 927 enim
817 861 980 954 reperitur
1000 862 1034 930 in
1052 864 1199 955 aquosis,

133 951 326 1058 quanquam
353 965 388 1031 in
416 965 550 1058 regione
576 963 765 1060 praegelida,
796 963 849 1034 vel
871 967 898 1034 si
924 965 966 1034 ad
987 959 1072 1036 vada
1098 993 1201 1062 usq-ua

134 1067 323 1162 glacientur
340 1094 463 1138 amnes.
483 1068 611 1139 Celesti
629 1069 786 1156 humore,
803 1094 972 1165 parvaque
988 1074 1063 1140 nive
1080 1072 1113 1142 id
1129 1073 1199 1144 fieri

134 1199 273 1244 necesse
282 1159 381 1244 est¹⁶z
403 1174 479 1244 ideo
490 1173 607 1244 caloris
619 1176 810 1269 impatiens,
824 1200 892 1245 non
905 1179 966 1246 nisi
979 1177 1098 1271 frigido
1107 1182 1201 1272 potui
1279 1199 1284 1206 '

133 1279 311 1348 addicitur.
329 1281 444 1368 Quare
461 1279 646 1375 sexangulis
664 1295 819 1350 nascatur
832 1279 1003 1369 lateribus,
1020 1308 1087 1352 non
1106 1284 1201 1354 facile

134 1387 224 1453 ratio
233 1384 257 1424 ¹⁷
265 1386 405 1454 inveniri
418 1400 546 1480 potest:
563 1411 604 1454 eo
619 1388 724 1480 magis
734 1373 758 1411 ¹⁸
768 1386 857 1480 quod
868 1411 973 1482 neque
987 1390 1201 1459 mucronibus

132 1491 252 1559 eadem
271 1493 396 1585 species
412 1506 479 1578 est,
497 1505 531 1560 et
549 1493 594 1559 ita
612 1490 781 1561 absolutus
801 1505 851 1562 est
869 1483 1007 1562 laterum
1030 1491 1143 1581 lavor,
1164 1510 1202 1563 ut

131 1595 231 1664 nulla
250 1596 374 1683 idarte
393 1598 497 1691 possit
513 1599 645 1690 aequari.
1088 1660 1090 1665 ,
1222 1671 1228 1682 ,

190 1705 234 1770 Χ.
254 1700 675 1798 Magnitudo¹amplissima
688 1702 798 1772 adhuc
808 1703 876 1772 visa
888 1703 985 1771 nobis
998 1717 1086 1792 erat,
1099 1729 1197 1798 qnam
1220 1743 1231 1777 1

133 1809 171 1876 in
191 1807 357 1902 Capitolio
382 1810 474 1878 Livia
494 1805 660 1902 Augusta²
678 1808 865 1896 dicaverat,
885 1807 1042 1878 librarum
1070 1811 1201 1881 circiter

134 1994 263 2050 invitatus
274 1998 411 2067 processit,
421 2012 448 2053 et
455 2003 555 2073 reperit
565 2004 648 2056 maxi·
688 2015 781 2074 genter
796 2021 803 2054 ι
819 2003 947 2073 speciem,
959 2002 1015 2056 sire
1029 2003 1156 2065 formam,
1170 2019 1201 2054 ac

134 2094 209 2128 maru
229 2077 338 2147 optima
357 2080 474 2152 crystalli
497 2081 566 2147 vim,
585 2100 647 2154 qua
688 2081 905 2144 similitudinem,
928 2100 982 2135 non
1008 2083 1082 2135 item.
1111 2079 1198 2134 Nicol.

133 2154 244 2207 Parisiis
262 2156 353 2209 veniit.
365 2157 430 2211 Vidi
442 2159 514 2212 illins
531 2160 647 2231 crystalli
689 2163 827 2228 eroum,
837 2161 898 2214 bist.
909 2162 1009 2232 Delph.
1019 2161 1066 2215 lib.
1078 2161 1101 2223 1,
1114 2179 1142 2230 p.
1152 2178 1200 2228 γι,

134 2234 280 2303 particulas
290 2254 344 2288 non
356 2236 392 2290 ita
404 2239 538 2308 puras,in
549 2241 647 2312 quibus
689 2254 781 2294 auctor
800 2253 855 2304 est,
877 2241 904 2293 in
925 2241 1061 2293 montibus
1075 2236 1198 2291 Ebrodu-

134 2312 233 2383 paleo.
245 2327 272 2368 et
284 2316 381 2381 musci,
394 2318 496 2390 aliaque
505 2317 535 2372 id
551 2337 648 2388 geum,
687 2320 825 2385 irensibus,
835 2319 1043 2390 mensibusque,
1054 2319 1082 2370 in
1092 2317 1200 2388 Delphi·

133 2393 377 2463 conspiciebantur.
394 2397 478 2450 Baor.
687 2412 762 2463 utu,
770 2399 922 2469 crystallum
931 2395 1092 2469 ejuscemodi
1105 2396 1200 2450 crebro

182 2473 224 2525 16.
239 2472 338 2526 Coelesti
346 2477 449 2539 hamore
461 2496 583 2550 parcaque
595 2481 648 2529 niae
689 2479 839 2550 passimque
849 2477 970 2549 reperiri.
981 2478 1015 2530 Η.
1025 2497 1065 2518 -’-
1072 2476 1113 2528 Eo
1123 2478 1200 2544 magis

133 2550 229 2621 ilfieri
236 2569 378 2609 aereueest.
388 2555 504 2628 Legend.
519 2583 531 2605 ι
544 2556 648 2610 Celesti
689 2558 755 2630 qaod
761 2577 836 2629 neque
850 2557 999 2611 mucrorailru
1011 2555 1092 2607 eadem
1102 2557 1198 2625 species.

133 2631 410 2705 humore,parvaque
418 2636 480 2690 nive
490 2635 518 2689 id
530 2636 588 2689 lieri
601 2655 648 2689 ne·
690 2636 722 2691 ld
742 2638 857 2691 nascitur
876 2638 918 2689 vel
934 2656 967 2689 ex
984 2636 1095 2700 salibus,
1111 2635 1154 2687 rel
1168 2653 1199 2689 er

133 2727 210 2765 cesse
232 2725 281 2773 est.
303 2711 365 2767 ideo
380 2718 477 2769 caloris
490 2717 649 2787 impatiens,
691 2717 803 2770 metallis
822 2735 882 2787 quae
897 2715 1084 2769 determinatas
1104 2714 1202 2767 habent

132 2808 193 2843 non
212 2791 264 2843 nisi
287 2793 384 2864 frigido
404 2796 488 2867 potui-
504 2793 617 2850 dicatur.
633 2821 645 2843 ι
690 2814 749 2849 suas
758 2797 865 2867 ligurus,
875 2796 959 2849 immo
970 2807 997 2848 et
1006 2806 1103 2865 prester
1114 2793 1202 2847 varios

134 2871 224 2923 Sasu.
236 2872 335 2924 -Non
344 2877 391 2926 nisi
393 2875 492 2944 frigido
499 2880 570 2944 potui
576 2875 649 2927 addi·
690 2875 809 2938 colores,
830 2870 877 2946 qrii
897 2894 929 2928 ex
949 2873 1059 2927 dirersis
1077 2873 1202 2925 oriuntur

134 2952 210 3003 citur.
229 2950 304 3003 Libri
324 2953 450 3007 hactenns
468 2954 580 3025 vulgati,
601 2958 650 3007 arsi
690 2955 827 3019 mixturis,
839 2957 904 3008 inest
913 2972 1020 3025 quoqne
1030 2951 1140 3023 singulis
1150 2969 1202 3003 me-

133 3030 232 3099 sriyr'do
257 3036 330 3099 potui
354 3032 491 3088 abdicatur.
513 3035 548 3085 At
572 3033 649 3088 Mss,
691 3034 758 3086 tellis
778 3035 806 3089 in
832 3032 1039 3087 minutissimum
1063 3031 1203 3103 pulverem-

137 3110 202 3180 neg.
216 3132 248 3175 a,
259 3111 336 3165 Colb.
353 3113 385 3175 3,
395 3113 507 3184 aliique,
521 3127 552 3166 ut
564 3112 651 3167 edidi·
690 3112 811 3175 redactis,
823 3114 948 3184 proprius
956 3111 1201 3173 sunscolor:auro,

136 3208 209 3244 mus.
223 3188 339 3260 adjurat
356 3205 382 3245 et
398 3193 520 3255 Solinus,
533 3212 591 3263 cap.
604 3211 649 3259 ar,
691 3194 782 3256 ruber,
803 3194 825 3245 le
843 3211 934 3262 magu
953 3190 1081 3261 plumbo,
1095 3190 1203 3263 hyacin-

135 3287 199 3339 pag.
216 3268 313 3336 36,de
324 3271 466 3341 crystallo:
481 3297 493 3319 ι
504 3272 604 3325 Multus
614 3270 650 3325 ad
692 3271 798 3335 thiana,
817 3272 944 3341 l'orangdff
957 3282 1080 3339 argento,
1103 3268 1202 3331 flavus,
1253 3330 1259 3337 Ι

137 3349 236 3417 pocula
251 3347 406 3415 destinatur,
422 3352 567 3421 quamlibet
581 3352 650 3405 nihil
691 3350 807 3419 lajacum
819 3351 864 3403 rari
874 3390 881 3413 ,
891 3348 996 3413 viridis,
1006 3350 1029 3401 le
1038 3359 1107 3411 vem
1121 3348 1203 3409 terro,

135 3426 213 3481 aliud
228 3428 447 3499 aquamfrigidam
460 3430 515 3500 pati
526 3431 617 3500 possit.
633 3454 644 3477 ι
691 3431 826 3488 ceruleus,
839 3431 994 3495 isthanc.
1002 3426 1084 3493 Quod
1096 3428 1123 3481 in
1132 3427 1204 3497 regia

136 3508 173 3561 tt.
186 3538 227 3548 -
241 3509 338 3562 Caelesti
350 3511 447 3561 Maure
454 3507 576 3580 parvaque
586 3514 648 3563 aios.
691 3510 813 3562 societate
834 3508 998 3563 londinensi
1015 3507 1105 3560 multis
1124 3523 1203 3575 expe·

137 3588 196 3641 Nos
220 3588 329 3641 meliora
355 3587 390 3642 de
411 3589 514 3659 origiue
535 3588 651 3659 crystalli
692 3588 812 3641 rimentis
825 3587 918 3642 docuit
932 3586 972 3640 Cl.
992 3588 1101 3649 fluam
1116 3587 1205 3637 usn-

136 3665 253 3721 docuere
263 3680 368 3740 tempas
378 3683 405 3722 et
415 3668 588 3739 experientia.
600 3670 649 3721 lla.
691 3685 755 3721 rar..
769 3668 853 3721 Bana.
868 3700 906 3711 -
918 3666 1084 3720 Macmnlbm.
1100 3664 1203 3717 Broter.

182 3764 226 3815 ¹7·
249 3748 306 3800 Noa
322 3749 400 3815 ficiis
421 3752 493 3801 reem.
513 3749 651 3819 assignare
692 3765 835 3817 operarum
849 3765 953 3807 errore,
969 3746 1093 3797 mucronis.
1111 3744 1164 3795 En.

137 3838 226 3879 tamen
236 3825 374 3882 Cardanns
383 3840 421 3883 est
428 3846 516 3883 ansas.
526 3845 604 3897 qnem
613 3829 651 3881 ob
733 3828 767 3880 X.
785 3849 808 3879 r.
819 3826 974 3897 Magnitudo.
986 3824 1092 3877 Solinus
1103 3822 1161 3875 hac
1171 3820 1205 3875 ad

138 3922 196 3957 eam
208 3924 265 3959 rem
279 3907 395 3978 Scaliger
412 3906 543 3978 exagitat,
557 3908 649 3961 Exere.
692 3907 805 3959 verbum
820 3906 971 3977 exscripsit,
996 3922 1055 3973 cap.
1071 3920 1123 3963 xv.
1145 3919 1206 3972 pag.

142 3986 208 4038 us.
221 3984 311 4038 Ηιιιι.
696 3985 744 4039 36.
757 3984 848 4039 Hsau.

183 4067 228 4118 18.
253 4066 293 4119 Eo
306 4070 391 4136 magn.
411 4066 571 4119 Macronem
590 4066 650 4136 qni·
735 4083 761 4115 a.
776 4066 848 4117 Livia
864 4066 986 4133 Augusta.
1002 4062 1045 4115 Sic
1058 4060 1137 4113 etiam
1158 4060 1209 4113 So-

139 4140 200 4195 dem
215 4163 356 4199 namnum
372 4158 458 4201 servat
475 4158 567 4199 natura
590 4144 651 4198 dili·
695 4143 773 4197 linus.
790 4146 824 4197 At
840 4144 915 4197 lllSS.
933 4142 1009 4195 Distu
1024 4142 1158 4211 Augustas.
1173 4140 1206 4192 Η.

1001 4234 1064 4332 37³
