3100 5125
445 597 605 666 urana
629 599 813 666 xxxiv.
1095 597 1158 693 187

90 722 194 817 lycleti
220 724 412 820 discipulus
431 729 591 798 Aristides
609 729 804 824 quadrigas,
828 728 992 824 bigasque.
1018 729 1155 798 Tisicra·

91 816 143 898 tis⁶
163 833 298 900 leaena
316 831 480 904 laudatur.
497 836 669 905 Scortum⁷
684 836 769 904 'haec
788 833 865 928 lyrae
882 847 981 903 cantu
998 833 1156 904 familiare

91 937 281 1006 Harmodio
293 953 328 1008 ct
339 940 568 1034 Aristogitoni,
587 940 722 1012 consilia
735 951 856 1010 eorum‘
866 939 907 1008 de
921 941 1154 1034 tyrannicidio,
1266 1017 1271 1028 ,

90 1065 188 1135 usque
213 1043 264 1112 ad
286 1059 428 1113 mortem
458 1049 645 1116 excruciata
667 1072 686 1116 a
710 1047 879 1140 tyrannis,
910 1071 979 1114 non
1000 1047 1152 1140 prodidit.

89 1148 324 1234 Quamobrem
346 1151 558 1221 Athenienses
575 1167 610 1222 et
626 1154 788 1222 honorem
804 1151 926 1220 habere
943 1154 973 1221 ei
992 1151 1154 1240 volentes,
1183 1205 1189 1218 .

89 1278 145 1321 uec
164 1267 290 1324 tamen
309 1271 456 1325 scortum
475 1256 672 1345 celebrasse,
690 1256 811 1327 animal
831 1257 972 1328 nominis
994 1244 1083 1349 ejus⁸
1101 1259 1151 1328 fe·

90 1383 182 1427 aeae:
203 1375 315 1454 atque
331 1376 370 1430 ut
385 1362 625 1458 intelligeretur
637 1389 735 1435 causa
750 1364 905 1450 honoris,
926 1365 960 1432 in
978 1387 1078 1458 opere
1093 1363 1153 1432 lin·

92 1489 185 1559 guam
205 1466 292 1535 addi
306 1466 349 1535 ab
364 1469 492 1538 artifice
504 1483 690 1539 vetuerunt.

135 1573 282 1664 Bryaxis
315 1571 538 1668 AEsculapium
559 1590 593 1644 et
616 1575 790 1646 Seleucum
812 1571 915 1645 facist
941 1573 1045 1645 Redas
1072 1572 1150 1644 ado·
1170 1599 1204 1658 ιι

91 1765 237 1835 Sophoclea
253 1767 275 1819 si
289 1768 318 1820 ln
331 1769 489 1822 athletarum
502 1772 600 1842 proba·
644 1770 748 1841 Βρύαξις
773 1769 815 1824 ani
836 1771 912 1834 etet,
933 1770 974 1824 sal
994 1771 1039 1828 rin
1057 1759 1151 1842 laicam

92 1844 158 1896 dane
170 1843 299 1912 dixisset,
314 1849 383 1918 justa
395 1849 601 1919 reprehensione
645 1851 768 1906 larcianae.
784 1848 946 1919 nlEaculapii
962 1868 1026 1903 vero
1048 1863 1074 1904 et
1093 1849 1150 1922 lly-

92 1923 222 1977 mai-et.
240 1927 489 1982 ffuriabuntur.
498 1961 538 1972 --
547 1931 601 1982 Eu·
643 1929 692 2000 gie
710 1922 777 1999 (boc
789 1942 843 1992 eat,
857 1929 992 1994 Sanitatis,
1007 1929 1061 1982 sire
1075 1929 1151 1983 Salu-

94 2005 244 2057 oiaoaaeaoa.
258 1995 447 2077 ἑγιιρινόμινος,
460 2007 489 2061 in
506 2009 600 2079 primia
643 2004 706 2074 tia),
730 2008 802 2077 signa
828 2009 929 2073 fecit,·
952 2027 1011 2082 quaa
1037 2009 1151 2080 Megaris

95 2083 263 2152 approbatus,
273 2087 518 2156 ceterispralatus.
531 2087 566 2142 H.
642 2101 726 2142 erant.
745 2086 904 2140 Ex‘eodem
927 2101 1039 2160 uterque
1059 2089 1148 2154 fonte,

129 2165 154 2214 6.
183 2166 325 2216 ruamus.
355 2165 428 2236 Typi
466 2167 598 2221 hactenns
642 2166 782 2220 Pausanias
818 2167 991 2238 Plininaque,
1033 2168 1148 2222 hausisse

97 2244 280 2309 premier-unt,
291 2245 329 2296 Et
335 2245 470 2315 Iphicrate.
482 2247 520 2300 At
528 2245 599 2300 idean
641 2245 713 2300 istud
729 2258 840 2316 possunt
858 2244 951 2299 rideri.
968 2246 1039 2300 Alias
1059 2248 1149 2318 appel-

96 2338 165 2390 supra
184 2323 344 2377 Tiaieratem
367 2323 495 2378 laudavit.
514 2327 547 2378 il.
559 2357 598 2370 -·
640 2324 690 2378 lari
705 2324 870 2397 conjunctim
881 2327 960 2378 ambo
974 2326 1044 2379 soliti
1057 2329 1148 2378 AEacu·

97 2398 206 2454 Brot.ex
218 2400 262 2455 ed.
274 2403 464 2474 pulpisicrata'e.
478 2405 530 2458 Eu.
640 2403 739 2474 lupius,
756 2417 783 2457 et
803 2403 991 2474 HygiaVetus
1010 2403 1148 2475 inscriptio

131 2497 156 2548 7.
168 2480 289 2534 Serrana.
307 2483 399 2535 Refert
417 2484 474 2537 hec
487 2500 598 2557 quoque
640 2483 713 2554 apud
725 2483 881 2548 Gruterum,
893 2501 951 2554 pag.
963 2485 1013 2553 67:
1024 2501 1149 2536 amoris-

97 2554 127 2609 δε
137 2559 229 2615 lenna
243 2562 339 2615 Athen.
356 2564 440 2627 XIII,
452 2584 510 2637 pag.
528 2568 595 2635 596.
640 2580 695 2616 rso.
711 2582 756 2617 ar.
769 2580 883 2616 arurae.
898 2561 978 2635 Apud
988 2561 1148 2629 lleineaium,

97 2637 156 2691 Item
173 2642 286 2694 Pansan.
310 2641 393 2696 Attic.
414 2645 443 2705 1.
464 2662 523 2715 pag.
548 2648 594 2709 48.
639 2659 668 2712 p.
688 2643 760 2696 ria:
774 2660 942 2696 amirario.
956 2660 1102 2696 artnarao.
1117 2661 1145 2695 n.

98 2716 168 2771 Cani.
178 2738 291 2792 quoqne
302 2721 371 2787 vn,
384 2724 429 2777 2³.
439 2722 531 2779 Hanc.
639 2739 683 2773 rr.
696 2740 739 2775 ar.
755 2738 857 2775 sanans.
870 2721 905 2775 Et
919 2740 946 2793 p.
964 2722 1018 2775 ras
1034 2742 1041 2773 ε
1054 2740 1148 2775 saser-

131 2799 157 2850 8.
169 2802 275 2852 Animal
295 2802 395 2853 matra
409 2805 468 2871 ejus.
493 2804 597 2876 Nempe
639 2818 729 2854 narro.
747 2820 792 2855 ar.
805 2818 940 2855 aaarrsrr.
955 2799 1084 2872 Epidauri
1103 2800 1147 2854 rel

97 2872 205 2932 burana
214 2877 442 2935 Plut.deGarrul.
452 2902 511 2955 pap.
523 2883 595 2950 5053
638 2880 723 2945 socia,
733 2881 828 2946 rel,ut
842 2879 901 2934 aliia
912 2880 1013 2952 planet,
1022 2881 1075 2934 lilia
1089 2880 1145 2951 lly-

97 2954 135 3006 tbi
146 2976 202 3010 rem
217 2959 322 3029 prolixe
333 2974 436 3023 narrat,
450 2974 477 3014 et
489 2963 595 3033 elegau·
637 2960 681 3031 gia
692 2960 753 3014 luit.
765 2959 835 3013 Hine
847 2958 976 3032 templum
989 2960 1084 3013 Salutis
1095 2961 1147 3012 Ro·

98 3044 131 3085 ter
150 3036 262 3107 quidem
279 3055 288 3091 z
307 3031 420 3095 Ainesios
445 3035 475 3093 dl
501 3050 595 3111 χαλκῆν
638 3056 701 3101 usta,
716 3040 1145 3105 testeVitruaio,1,a.FanaSa·

98 3118 246 3186 Μᾶμνιι
266 3121 381 3182 λέαιναν,
403 3120 546 3190 ἄγλωσσον,
569 3125 593 3175 la
637 3117 701 3171 lutis
715 3118 784 3183 dno,
796 3120 905 3191 regione
921 3132 993 3173 sexta
1009 3140 1016 3171 a
1034 3132 1060 3173 et
1072 3120 1146 3173 ricus

97 3196 531 3264 ὠὶαςτῆςᾶιφοκιλιιιιᾶνίθνιιιιν,
543 3212 593 3255 etc.
638 3197 745 3256 Salutis,
767 3210 795 3251 et
813 3198 894 3253 Porta
915 3197 1039 3252 Salutaris
1063 3199 1096 3251 ab
1115 3218 1146 3251 ea

96 3271 229 3327 Calamidis
245 3275 275 3329 id
290 3296 358 3347 opus
372 3278 467 3343 fuisse,
480 3298 512 3333 ex
528 3280 596 3333 alio·
636 3277 792 3331 nominata:
814 3291 841 3331 et
856 3276 929 3348 apud
939 3279 1088 3331 Vara-onem
1111 3276 1145 3330 de

96 3368 147 3404 mus
158 3356 364 3419 asseveratione,
372 3374 404 3410 aa
415 3359 594 3427 probabiliore
635 3356 714 3428 Ling.
735 3357 794 3410 Lat.
810 3358 870 3411 1v:
884 3382 896 3406 a
906 3356 988 3413 Collis
1005 3356 1144 3421 Salutaris,

96 3427 184 3494 imma.
198 3434 281 3488 relert
295 3436 407 3490 Pansam
422 3438 450 3490 in
466 3438 545 3492 Attic.
561 3440 591 3505 1,
635 3435 665 3488 in
679 3435 814 3501 Quirinali
838 3438 914 3489 eolle.
931 3460 942 3483 ι
963 3434 1016 3489 Sed
1031 3436 1145 3508 nequid

95 3520 202 3581 peplo.
214 3513 307 3568 lino.
635 3526 724 3569 tamen
744 3515 773 3568 in
791 3520 920 3569 mntextn
940 3515 1064 3569 Pliniana
1086 3534 1146 3570 mo·

126 3608 151 3658 9.
167 3592 456 3665 squamae
475 3596 594 3651 etSelea·
636 3612 723 3660 reana,
733 3608 830 3665 mater
842 3612 998 3649 wuaensum
1011 3592 1146 3661 codicum,

94 3671 217 3737 ansas.
242 3672 289 3726 ste
307 3673 370 3726 libri
389 3692 495 3741 onanea,
512 3676 591 3731 etiam
634 3693 649 3727 a
671 3674 769 3745 quibus
794 3673 940 3729 deaeiaoeae
967 3674 1061 3745 religio
1086 3686 1143 3739 eat,

93 3742 158 3801 1183.
170 3750 337 3823 Temperare
349 3752 417 3805 mibi
432 3766 520 3808 tamen
535 3774 590 3809 non
633 3750 706 3806 idem
712 3754 853 3807 Pausanias
862 3754 1000 3824 prohibet,
1009 3752 1144 3826 quiAthe·

93 3842 166 3894 lm,
180 3830 246 3900 quin
261 3834 455 3902 seniensi-am,
469 3852 529 3905 quaa
543 3852 590 3889 oo-
633 3832 675 3886 nis
688 3851 788 3887 eneam
799 3833 901 3887 Seleuci
917 3846 1030 3887 statuam
1046 3832 1074 3885 in
1085 3833 1145 3885 Pus·

93 3908 593 3985 mentaninao,suspiciouemqnepro·
633 3912 685 3965 eile
709 3914 816 3984 porticu
839 3912 919 3966 luisse
938 3924 1144 3977 commemorat,

93 3980 164 4039 dam:
180 4001 204 4040 et
224 3990 326 4041 salsura
343 3991 460 4057 acilioet,
473 4010 554 4064 quam
566 4007 591 4046 et
634 3991 718 4045 Attic.
735 4010 795 4063 pag.
820 3991 1070 4057 14,etn'artideetn
1089 4010 1144 4043 non

93 4062 205 4119 Μινειιη
220 4068 271 4139 legi
296 4070 403 4123 torum
425 4072 591 4126 commodius
632 4071 758 4142 appellat.
785 4073 825 4125 De
848 4070 1050 4125 Atheniensium
1080 4088 1146 4123 vero

94 4158 164 4210 posse.
185 4148 254 4200 Nam
268 4149 408 4203 Pausanias
421 4150 448 4203 iu
465 4151 547 4206 Attio.
561 4154 589 4216 1,
633 4150 745 4204 civitatis
760 4151 923 4203 ornamentis
937 4150 992 4202 lere
1002 4148 1104 4202 Plinius
1112 4166 1145 4201 eo

92 4237 143 4294 pag.
158 4226 211 4296 75:
224 4233 273 4280 Τιῶ
288 4225 319 4280 di
334 4221 476 4286 Ᾰσιλνπινῦ
487 4232 590 4302 ἄγαλμα
634 4230 686 4283 1οοί
696 4231 758 4301 agit.
775 4230 867 4283 llaau.
882 4262 922 4273 ι-
937 4228 1105 4298 AEscntapiun
1121 4240 1147 4280 et
