<?xml version="1.0" encoding="UTF-8"?>
<!DOCTYPE html PUBLIC "-//W3C//DTD XHTML 1.0 Transitional//EN"
    "http://www.w3.org/TR/xhtml1/DTD/xhtml1-transitional.dtd">
<html xmlns="http://www.w3.org/1999/xhtml" xml:lang="en" lang="en">
 <head>
  <title>
</title>
<meta http-equiv="Content-Type" content="text/html;charset=utf-8" />
  <meta name='ocr-system' content='tesseract 3.04.00' />
  <meta name='ocr-capabilities' content='ocr_page ocr_carea ocr_par ocr_line ocrx_word'/>
</head>
<body>
  <div class='ocr_page' id='page_1' title='image "./caiipliniisecun00hardgoog_0357.png"; bbox 0 0 3100 5125; ppageno 0'>
   <div class='ocr_carea' id='block_1_1' title="bbox 476 469 1181 591">
    <p class='ocr_par' dir='ltr' id='par_1_1' title="bbox 476 469 1181 591">
     <span class='ocr_line' id='line_1_1' title="bbox 476 469 1181 591; baseline 0.009 -31"><span class='ocrx_word' id='word_1_1' title='bbox 476 469 630 562; x_wconf 73' lang='lat' dir='ltr'><strong>sinan</strong></span> <span class='ocrx_word' id='word_1_2' title='bbox 658 494 816 564; x_wconf 82' lang='lat' dir='ltr'><strong>xxxv.</strong></span> <span class='ocrx_word' id='word_1_3' title='bbox 1111 493 1181 591; x_wconf 75' lang='lat'><strong>349</strong></span> 
     </span>
    </p>
   </div>
   <div class='ocr_carea' id='block_1_2' title="bbox 115 597 1281 1780">
    <p class='ocr_par' dir='ltr' id='par_1_2' title="bbox 115 597 1183 935">
     <span class='ocr_line' id='line_1_2' title="bbox 115 597 1182 722; baseline 0 -24"><span class='ocrx_word' id='word_1_4' title='bbox 115 643 173 712; x_wconf 83' lang='lat' dir='ltr'><strong>ut,</strong></span> <span class='ocrx_word' id='word_1_5' title='bbox 199 625 292 722; x_wconf 87' lang='lat' dir='ltr'><strong>quod</strong></span> <span class='ocrx_word' id='word_1_6' title='bbox 316 640 369 694; x_wconf 89' lang='lat' dir='ltr'><strong>est</strong></span> <span class='ocrx_word' id='word_1_7' title='bbox 394 597 643 712; x_wconf 87' lang='lat' dir='ltr'><strong>difficillimum,</strong></span> <span class='ocrx_word' id='word_1_8' title='bbox 662 625 777 694; x_wconf 87' lang='lat' dir='ltr'><strong>faciem</strong></span> <span class='ocrx_word' id='word_1_9' title='bbox 806 600 876 718; x_wconf 82' lang='lat' dir='ltr'><strong>ejus</strong></span> <span class='ocrx_word' id='word_1_10' title='bbox 897 625 1049 695; x_wconf 85' lang='lat' dir='ltr'><strong>ostendat</strong></span> <span class='ocrx_word' id='word_1_11' title='bbox 1072 629 1182 698; x_wconf 86' lang='lat' dir='ltr'><strong>verius</strong></span> 
     </span>
     <span class='ocr_line' id='line_1_3' title="bbox 115 715 1183 849; baseline 0 -46"><span class='ocrx_word' id='word_1_12' title='bbox 115 737 270 830; x_wconf 76' lang='lat' dir='ltr'>pictura,</span> <span class='ocrx_word' id='word_1_13' title='bbox 284 755 384 826; x_wconf 91' lang='lat' dir='ltr'><strong>quam</strong></span> <span class='ocrx_word' id='word_1_14' title='bbox 398 731 580 849; x_wconf 81' lang='lat' dir='ltr'><strong>promittat.</strong></span> <span class='ocrx_word' id='word_1_15' title='bbox 597 732 706 800; x_wconf 84' lang='lat' dir='ltr'><strong>Pinxit</strong></span> <span class='ocrx_word' id='word_1_16' title='bbox 720 747 754 800; x_wconf 91' lang='lat' dir='ltr'><strong>et</strong></span> <span class='ocrx_word' id='word_1_17' title='bbox 768 731 868 800; x_wconf 87' lang='lat' dir='ltr'><strong>heroa</strong></span> <span class='ocrx_word' id='word_1_18' title='bbox 885 715 1065 802; x_wconf 76' lang='lat' dir='ltr'><strong>nudnm⁴⁶.</strong></span> <span class='ocrx_word' id='word_1_19' title='bbox 1059 757 1183 830; x_wconf 90' lang='lat' dir='ltr'><strong>.eaque</strong></span> 
     </span>
     <span class='ocr_line' id='line_1_4' title="bbox 116 837 767 956; baseline -0.006 -46"><span class='ocrx_word' id='word_1_20' title='bbox 116 842 250 935; x_wconf 82' lang='lat' dir='ltr'><strong>pictura</strong></span> <span class='ocrx_word' id='word_1_21' title='bbox 269 852 422 906; x_wconf 89' lang='lat' dir='ltr'><strong>naturam</strong></span> <span class='ocrx_word' id='word_1_22' title='bbox 434 837 544 956; x_wconf 82' lang='lat' dir='ltr'><strong>ipsam</strong></span> <span class='ocrx_word' id='word_1_23' title='bbox 563 839 767 930; x_wconf 85' lang='lat' dir='ltr'><strong>provocavit.</strong></span> 
     </span>
    </p>

    <p class='ocr_par' dir='ltr' id='par_1_3' title="bbox 115 931 1281 1780">
     <span class='ocr_line' id='line_1_5' title="bbox 170 931 1233 1078; baseline -0.007 -64"><span class='ocrx_word' id='word_1_24' title='bbox 170 949 234 1014; x_wconf 87' lang='lat' dir='ltr'><strong>Est</strong></span> <span class='ocrx_word' id='word_1_25' title='bbox 248 959 282 1014; x_wconf 89' lang='lat' dir='ltr'><strong>et</strong></span> <span class='ocrx_word' id='word_1_26' title='bbox 295 967 401 1037; x_wconf 84' lang='lat' dir='ltr'><strong>equus</strong></span> <span class='ocrx_word' id='word_1_27' title='bbox 413 942 581 1040; x_wconf 84' lang='lat' dir='ltr'><strong>ejus,s1vc</strong></span> <span class='ocrx_word' id='word_1_28' title='bbox 592 941 794 1078; x_wconf 82' lang='lat' dir='ltr'><strong>furt,pictus</strong></span> <span class='ocrx_word' id='word_1_29' title='bbox 809 942 842 1010; x_wconf 93' lang='lat' dir='ltr'><strong>in</strong></span> <span class='ocrx_word' id='word_1_30' title='bbox 854 931 1061 1012; x_wconf 80' lang='lat' dir='ltr'><strong>certaminc⁴⁷</strong></span> <span class='ocrx_word' id='word_1_31' title='bbox 1071 945 1182 1040; x_wconf 92' lang='lat' dir='ltr'><strong>:quod</strong></span> <span class='ocrx_word' id='word_1_32' title='bbox 1201 960 1233 1008; x_wconf 81' lang='grc' dir='ltr'><strong>ιι</strong></span> 
     </span>
     <span class='ocr_line' id='line_1_6' title="bbox 115 1036 1180 1145; baseline 0.001 -25"><span class='ocrx_word' id='word_1_33' title='bbox 115 1051 277 1145; x_wconf 72' lang='lat' dir='ltr'><strong>judicium</strong></span> <span class='ocrx_word' id='word_1_34' title='bbox 290 1048 333 1117; x_wconf 90' lang='lat' dir='ltr'><strong>ad</strong></span> <span class='ocrx_word' id='word_1_35' title='bbox 343 1036 715 1143; x_wconf 78' lang='lat' dir='ltr'><strong>mutasquadrnpedes⁸</strong></span> <span class='ocrx_word' id='word_1_36' title='bbox 724 1065 917 1144; x_wconf 83' lang='lat' dir='ltr'><strong>provocavit</strong></span> <span class='ocrx_word' id='word_1_37' title='bbox 927 1048 968 1117; x_wconf 87' lang='lat' dir='ltr'><strong>ab</strong></span> <span class='ocrx_word' id='word_1_38' title='bbox 977 1049 1180 1122; x_wconf 76' lang='lat' dir='ltr'><strong>hominibus</strong></span> 
     </span>
     <span class='ocr_line' id='line_1_7' title="bbox 119 1152 1281 1298; baseline 0.003 -73"><span class='ocrx_word' id='word_1_39' title='bbox 119 1181 264 1250; x_wconf 89' lang='lat' dir='ltr'><strong>namque</strong></span> <span class='ocrx_word' id='word_1_40' title='bbox 286 1154 413 1223; x_wconf 89' lang='lat' dir='ltr'><strong>ambitu</strong></span> <span class='ocrx_word' id='word_1_41' title='bbox 434 1152 569 1222; x_wconf 81' lang='lat' dir='ltr'><strong>aemulos</strong></span> <span class='ocrx_word' id='word_1_42' title='bbox 542 1152 767 1298; x_wconf 81' lang='lat' dir='ltr'><strong>praevalere</strong></span> <span class='ocrx_word' id='word_1_43' title='bbox 793 1157 951 1237; x_wconf 77' lang='lat' dir='ltr'><strong>sentisne,</strong></span> <span class='ocrx_word' id='word_1_44' title='bbox 978 1156 1182 1285; x_wconf 83' lang='lat' dir='ltr'><strong>singulorum</strong></span> <span class='ocrx_word' id='word_1_45' title='bbox 1279 1249 1281 1254; x_wconf 51' lang='lat'><strong>.</strong></span> 
     </span>
     <span class='ocr_line' id='line_1_8' title="bbox 120 1246 1183 1358; baseline 0.001 -27"><span class='ocrx_word' id='word_1_46' title='bbox 120 1265 266 1358; x_wconf 85' lang='lat' dir='ltr'><strong>picturas</strong></span> <span class='ocrx_word' id='word_1_47' title='bbox 284 1260 425 1329; x_wconf 89' lang='lat' dir='ltr'><strong>inductis</strong></span> <span class='ocrx_word' id='word_1_48' title='bbox 443 1261 536 1354; x_wconf 88' lang='lat' dir='ltr'><strong>equis</strong></span> <span class='ocrx_word' id='word_1_49' title='bbox 542 1246 751 1329; x_wconf 77' lang='lat' dir='ltr'><strong>⁴⁹ostendit:</strong></span> <span class='ocrx_word' id='word_1_50' title='bbox 765 1258 888 1356; x_wconf 85' lang='lat' dir='ltr'><strong>Apellis</strong></span> <span class='ocrx_word' id='word_1_51' title='bbox 907 1247 1076 1330; x_wconf 85' lang='lat' dir='ltr'><strong>tantum⁵⁰</strong></span> <span class='ocrx_word' id='word_1_52' title='bbox 1096 1287 1183 1357; x_wconf 88' lang='lat' dir='ltr'><strong>equo</strong></span> 
     </span>
     <span class='ocr_line' id='line_1_9' title="bbox 120 1365 1182 1476; baseline 0 -38"><span class='ocrx_word' id='word_1_53' title='bbox 120 1369 356 1449; x_wconf 86' lang='lat' dir='ltr'><strong>adhinnivere‚</strong></span> <span class='ocrx_word' id='word_1_54' title='bbox 376 1365 474 1459; x_wconf 87' lang='lat' dir='ltr'><strong>idque</strong></span> <span class='ocrx_word' id='word_1_55' title='bbox 492 1379 525 1434; x_wconf 89' lang='lat' dir='ltr'><strong>et</strong></span> <span class='ocrx_word' id='word_1_56' title='bbox 546 1380 660 1459; x_wconf 89' lang='lat' dir='ltr'><strong>postea</strong></span> <span class='ocrx_word' id='word_1_57' title='bbox 677 1391 808 1460; x_wconf 85' lang='lat' dir='ltr'><strong>semper</strong></span> <span class='ocrx_word' id='word_1_58' title='bbox 825 1365 911 1435; x_wconf 89' lang='lat' dir='ltr'><strong>illius</strong></span> <span class='ocrx_word' id='word_1_59' title='bbox 923 1368 1182 1476; x_wconf 85' lang='lat' dir='ltr'><strong>experimentum</strong></span> 
     </span>
     <span class='ocr_line' id='line_1_10' title="bbox 119 1455 1235 1566; baseline -0.005 -23"><span class='ocrx_word' id='word_1_60' title='bbox 119 1490 199 1543; x_wconf 84' lang='lat' dir='ltr'><strong>artis</strong></span> <span class='ocrx_word' id='word_1_61' title='bbox 209 1487 406 1544; x_wconf 84' lang='lat' dir='ltr'><strong>ostentatur</strong></span> <span class='ocrx_word' id='word_1_62' title='bbox 420 1472 512 1540; x_wconf 81' lang='lat' dir='ltr'><strong>Fecit</strong></span> <span class='ocrx_word' id='word_1_63' title='bbox 522 1485 556 1539; x_wconf 89' lang='lat' dir='ltr'><strong>et</strong></span> <span class='ocrx_word' id='word_1_64' title='bbox 570 1457 865 1566; x_wconf 78' lang='lat' dir='ltr'><strong>Neoptolemum⁵¹,</strong></span> <span class='ocrx_word' id='word_1_65' title='bbox 876 1497 917 1541; x_wconf 87' lang='lat' dir='ltr'><strong>ex</strong></span> <span class='ocrx_word' id='word_1_66' title='bbox 929 1497 1015 1566; x_wconf 90' lang='lat' dir='ltr'><strong>equo</strong></span> <span class='ocrx_word' id='word_1_67' title='bbox 1026 1455 1183 1546; x_wconf 84' lang='lat' dir='ltr'><strong>adversus</strong></span> <span class='ocrx_word' id='word_1_68' title='bbox 1201 1483 1235 1538; x_wconf 83' lang='grc'><strong>33</strong></span> 
     </span>
     <span class='ocr_line' id='line_1_11' title="bbox 120 1563 1184 1673; baseline 0 -23"><span class='ocrx_word' id='word_1_69' title='bbox 120 1583 254 1666; x_wconf 91' lang='lat' dir='ltr'><strong>Persas,</strong></span> <span class='ocrx_word' id='word_1_70' title='bbox 266 1563 497 1647; x_wconf 85' lang='lat' dir='ltr'><strong>Archelaum⁵²</strong></span> <span class='ocrx_word' id='word_1_71' title='bbox 519 1601 595 1645; x_wconf 93' lang='lat' dir='ltr'><strong>cum</strong></span> <span class='ocrx_word' id='word_1_72' title='bbox 613 1602 715 1646; x_wconf 87' lang='lat' dir='ltr'><strong>uxore</strong></span> <span class='ocrx_word' id='word_1_73' title='bbox 733 1592 767 1646; x_wconf 90' lang='lat' dir='ltr'><strong>et</strong></span> <span class='ocrx_word' id='word_1_74' title='bbox 786 1575 870 1662; x_wconf 82' lang='lat' dir='ltr'><strong>lilia,</strong></span> <span class='ocrx_word' id='word_1_75' title='bbox 886 1580 1087 1673; x_wconf 78' lang='lat' dir='ltr'><strong>Antigonum</strong></span> <span class='ocrx_word' id='word_1_76' title='bbox 1106 1582 1184 1651; x_wconf 90' lang='lat' dir='ltr'><strong>tho·</strong></span> 
     </span>
     <span class='ocr_line' id='line_1_12' title="bbox 122 1682 1185 1780; baseline 0.003 -26"><span class='ocrx_word' id='word_1_77' title='bbox 122 1700 272 1756; x_wconf 73' lang='lat' dir='ltr'><strong>cacatum</strong></span> <span class='ocrx_word' id='word_1_78' title='bbox 291 1710 366 1754; x_wconf 91' lang='lat' dir='ltr'><strong>cum</strong></span> <span class='ocrx_word' id='word_1_79' title='bbox 379 1707 465 1777; x_wconf 89' lang='lat' dir='ltr'><strong>equo</strong></span> <span class='ocrx_word' id='word_1_80' title='bbox 484 1682 701 1753; x_wconf 85' lang='lat' dir='ltr'><strong>incedentem.</strong></span> <span class='ocrx_word' id='word_1_81' title='bbox 719 1685 894 1754; x_wconf 86' lang='lat' dir='ltr'><strong>Peritiores</strong></span> <span class='ocrx_word' id='word_1_82' title='bbox 909 1687 988 1754; x_wconf 88' lang='lat' dir='ltr'><strong>artis</strong></span> <span class='ocrx_word' id='word_1_83' title='bbox 1004 1685 1185 1780; x_wconf 76' lang='lat' dir='ltr'><strong>preferunt</strong></span> 
     </span>
    </p>
   </div>
   <div class='ocr_carea' id='block_1_3' title="bbox 55 1843 1291 4225">
    <p class='ocr_par' dir='ltr' id='par_1_4' title="bbox 121 1843 1189 2080">
     <span class='ocr_line' id='line_1_13' title="bbox 121 1843 1189 1923; baseline 0 -16"><span class='ocrx_word' id='word_1_84' title='bbox 121 1851 214 1907; x_wconf 77' lang='lat' dir='ltr'><strong>faciem</strong></span> <span class='ocrx_word' id='word_1_85' title='bbox 227 1868 282 1903; x_wconf 91' lang='lat' dir='ltr'><strong>non</strong></span> <span class='ocrx_word' id='word_1_86' title='bbox 295 1847 473 1920; x_wconf 82' lang='lat' dir='ltr'><strong>promitteret,</strong></span> <span class='ocrx_word' id='word_1_87' title='bbox 482 1843 529 1900; x_wconf 86' lang='lat' dir='ltr'><strong>sed</strong></span> <span class='ocrx_word' id='word_1_88' title='bbox 543 1861 631 1901; x_wconf 87' lang='lat' dir='ltr'><strong>osten·</strong></span> <span class='ocrx_word' id='word_1_89' title='bbox 674 1848 770 1921; x_wconf 87' lang='lat' dir='ltr'><strong>clypeo</strong></span> <span class='ocrx_word' id='word_1_90' title='bbox 784 1846 962 1902; x_wconf 76' lang='lat' dir='ltr'><strong>Alexandrum</strong></span> <span class='ocrx_word' id='word_1_91' title='bbox 977 1863 1110 1922; x_wconf 86' lang='lat' dir='ltr'><strong>sequutus,</strong></span> <span class='ocrx_word' id='word_1_92' title='bbox 1124 1866 1189 1923; x_wconf 74' lang='lat' dir='ltr'><strong>post</strong></span> 
     </span>
     <span class='ocr_line' id='line_1_14' title="bbox 122 1925 1184 1998; baseline 0.002 -13"><span class='ocrx_word' id='word_1_93' title='bbox 122 1925 632 1998; x_wconf 72' lang='lat' dir='ltr'><strong>deretzadeoinaversaparteintellige·</strong></span> <span class='ocrx_word' id='word_1_94' title='bbox 674 1929 731 1998; x_wconf 77' lang='lat' dir='ltr'><strong>ejus</strong></span> <span class='ocrx_word' id='word_1_95' title='bbox 747 1928 850 1981; x_wconf 86' lang='lat' dir='ltr'><strong>obitum</strong></span> <span class='ocrx_word' id='word_1_96' title='bbox 863 1929 1014 1982; x_wconf 78' lang='lat' dir='ltr'><strong>Armeniam</strong></span> <span class='ocrx_word' id='word_1_97' title='bbox 1029 1933 1184 1998; x_wconf 81' lang='lat' dir='ltr'><strong>commovit,</strong></span> 
     </span>
     <span class='ocr_line' id='line_1_15' title="bbox 121 2007 1182 2080; baseline 0.001 -16"><span class='ocrx_word' id='word_1_98' title='bbox 121 2012 201 2064; x_wconf 77' lang='lat' dir='ltr'><strong>batur</strong></span> <span class='ocrx_word' id='word_1_99' title='bbox 215 2008 312 2062; x_wconf 86' lang='lat' dir='ltr'><strong>antica.</strong></span> <span class='ocrx_word' id='word_1_100' title='bbox 325 2009 408 2060; x_wconf 72' lang='lat' dir='ltr'><strong>urm.</strong></span> <span class='ocrx_word' id='word_1_101' title='bbox 674 2020 701 2060; x_wconf 88' lang='lat' dir='ltr'><strong>et</strong></span> <span class='ocrx_word' id='word_1_102' title='bbox 714 2007 850 2078; x_wconf 77' lang='lat' dir='ltr'><strong>aliquanto</strong></span> <span class='ocrx_word' id='word_1_103' title='bbox 861 2019 921 2078; x_wconf 88' lang='lat' dir='ltr'><strong>post</strong></span> <span class='ocrx_word' id='word_1_104' title='bbox 930 2011 1069 2062; x_wconf 88' lang='lat' dir='ltr'><strong>commisso</strong></span> <span class='ocrx_word' id='word_1_105' title='bbox 1082 2011 1182 2080; x_wconf 75' lang='lat' dir='ltr'><strong>praelio,</strong></span> 
     </span>
    </p>

    <p class='ocr_par' dir='ltr' id='par_1_5' title="bbox 121 2084 1185 2955">
     <span class='ocr_line' id='line_1_16' title="bbox 162 2084 1184 2156; baseline 0.004 -17"><span class='ocrx_word' id='word_1_106' title='bbox 162 2092 208 2151; x_wconf 68' lang='grc'><strong>46.</strong></span> <span class='ocrx_word' id='word_1_107' title='bbox 228 2089 316 2139; x_wconf 69' lang='lat' dir='ltr'><strong>Pinxit</strong></span> <span class='ocrx_word' id='word_1_108' title='bbox 334 2098 359 2138; x_wconf 80' lang='lat' dir='ltr'><strong>et</strong></span> <span class='ocrx_word' id='word_1_109' title='bbox 380 2086 451 2137; x_wconf 79' lang='lat' dir='ltr'><strong>herou</strong></span> <span class='ocrx_word' id='word_1_110' title='bbox 467 2085 563 2138; x_wconf 72' lang='lat' dir='ltr'><strong>audiam.</strong></span> <span class='ocrx_word' id='word_1_111' title='bbox 587 2084 630 2138; x_wconf 91' lang='lat' dir='ltr'><strong>Sic</strong></span> <span class='ocrx_word' id='word_1_112' title='bbox 674 2087 707 2139; x_wconf 85' lang='lat' dir='ltr'><strong>ab</strong></span> <span class='ocrx_word' id='word_1_113' title='bbox 730 2087 850 2140; x_wconf 85' lang='lat' dir='ltr'><strong>Eumene</strong></span> <span class='ocrx_word' id='word_1_114' title='bbox 873 2105 934 2140; x_wconf 91' lang='lat' dir='ltr'><strong>cum</strong></span> <span class='ocrx_word' id='word_1_115' title='bbox 954 2087 1064 2142; x_wconf 84' lang='lat' dir='ltr'><strong>Cratero</strong></span> <span class='ocrx_word' id='word_1_116' title='bbox 1083 2091 1184 2156; x_wconf 77' lang='lat' dir='ltr'><strong>occisus</strong></span> 
     </span>
     <span class='ocr_line' id='line_1_17' title="bbox 123 2164 1185 2237; baseline 0.003 -16"><span class='ocrx_word' id='word_1_117' title='bbox 123 2168 200 2222; x_wconf 78' lang='lat' dir='ltr'><strong>etiam</strong></span> <span class='ocrx_word' id='word_1_118' title='bbox 214 2169 279 2237; x_wconf 74' lang='lat' dir='ltr'><strong>lieg.</strong></span> <span class='ocrx_word' id='word_1_119' title='bbox 297 2187 322 2220; x_wconf 83' lang='lat' dir='ltr'><strong>a.</strong></span> <span class='ocrx_word' id='word_1_120' title='bbox 341 2165 545 2236; x_wconf 76' lang='lat' dir='ltr'><strong>suspicabamur</strong></span> <span class='ocrx_word' id='word_1_121' title='bbox 566 2164 630 2216; x_wconf 92' lang='lat' dir='ltr'><strong>olim</strong></span> <span class='ocrx_word' id='word_1_122' title='bbox 674 2178 723 2220; x_wconf 86' lang='lat' dir='ltr'><strong>est.</strong></span> <span class='ocrx_word' id='word_1_123' title='bbox 736 2165 892 2219; x_wconf 84' lang='lat' dir='ltr'><strong>Plutarchus</strong></span> <span class='ocrx_word' id='word_1_124' title='bbox 905 2167 932 2218; x_wconf 92' lang='lat' dir='ltr'><strong>in</strong></span> <span class='ocrx_word' id='word_1_125' title='bbox 946 2169 1073 2222; x_wconf 87' lang='lat' dir='ltr'><strong>Eumene.</strong></span> <span class='ocrx_word' id='word_1_126' title='bbox 1087 2169 1148 2224; x_wconf 81' lang='lat' dir='ltr'><strong>Fuit</strong></span> <span class='ocrx_word' id='word_1_127' title='bbox 1158 2184 1185 2224; x_wconf 91' lang='lat' dir='ltr'><strong>et</strong></span> 
     </span>
     <span class='ocr_line' id='line_1_18' title="bbox 123 2242 1184 2321; baseline 0.004 -21"><span class='ocrx_word' id='word_1_128' title='bbox 123 2249 208 2300; x_wconf 75' lang='lat' dir='ltr'><strong>Pinxit</strong></span> <span class='ocrx_word' id='word_1_129' title='bbox 219 2258 244 2298; x_wconf 74' lang='lat' dir='ltr'><strong>es</strong></span> <span class='ocrx_word' id='word_1_130' title='bbox 257 2247 357 2298; x_wconf 77' lang='lat' dir='ltr'><strong>Herone</strong></span> <span class='ocrx_word' id='word_1_131' title='bbox 371 2245 459 2296; x_wconf 81' lang='lat' dir='ltr'><strong>nudam</strong></span> <span class='ocrx_word' id='word_1_132' title='bbox 470 2263 480 2296; x_wconf 92' lang='grc'><strong>.·</strong></span> <span class='ocrx_word' id='word_1_133' title='bbox 493 2242 566 2315; x_wconf 86' lang='lat' dir='ltr'><strong>quod</strong></span> <span class='ocrx_word' id='word_1_134' title='bbox 579 2242 631 2295; x_wconf 79' lang='lat' dir='ltr'><strong>lle-</strong></span> <span class='ocrx_word' id='word_1_135' title='bbox 674 2245 741 2298; x_wconf 85' lang='lat' dir='ltr'><strong>alius</strong></span> <span class='ocrx_word' id='word_1_136' title='bbox 753 2245 942 2316; x_wconf 83' lang='lat' dir='ltr'><strong>Neoptolemus</strong></span> <span class='ocrx_word' id='word_1_137' title='bbox 957 2245 1124 2319; x_wconf 81' lang='lat' dir='ltr'><strong>Olympiadis</strong></span> <span class='ocrx_word' id='word_1_138' title='bbox 1138 2268 1184 2321; x_wconf 86' lang='lat' dir='ltr'><strong>pa·</strong></span> 
     </span>
     <span class='ocr_line' id='line_1_19' title="bbox 121 2322 1183 2396; baseline 0.003 -16"><span class='ocrx_word' id='word_1_139' title='bbox 121 2327 194 2380; x_wconf 87' lang='lat' dir='ltr'><strong>runis</strong></span> <span class='ocrx_word' id='word_1_140' title='bbox 215 2325 250 2379; x_wconf 88' lang='lat' dir='ltr'><strong>ad</strong></span> <span class='ocrx_word' id='word_1_141' title='bbox 275 2322 440 2388; x_wconf 74' lang='lat' dir='ltr'><strong>Lesudrum,</strong></span> <span class='ocrx_word' id='word_1_142' title='bbox 463 2323 632 2393; x_wconf 78' lang='lat' dir='ltr'><strong>vicissimque</strong></span> <span class='ocrx_word' id='word_1_143' title='bbox 675 2335 725 2390; x_wconf 80' lang='lat' dir='ltr'><strong>ter,</strong></span> <span class='ocrx_word' id='word_1_144' title='bbox 736 2323 770 2378; x_wconf 90' lang='lat' dir='ltr'><strong>de</strong></span> <span class='ocrx_word' id='word_1_145' title='bbox 781 2343 835 2396; x_wconf 89' lang='lat' dir='ltr'><strong>quo</strong></span> <span class='ocrx_word' id='word_1_146' title='bbox 850 2325 1000 2390; x_wconf 79' lang='lat' dir='ltr'><strong>Pausanias,</strong></span> <span class='ocrx_word' id='word_1_147' title='bbox 1013 2327 1060 2379; x_wconf 90' lang='lat' dir='ltr'><strong>lib.</strong></span> <span class='ocrx_word' id='word_1_148' title='bbox 1076 2329 1097 2380; x_wconf 89' lang='lat'><strong>1.</strong></span> <span class='ocrx_word' id='word_1_149' title='bbox 1115 2331 1183 2383; x_wconf 82' lang='lat' dir='ltr'><strong>Dar..</strong></span> 
     </span>
     <span class='ocr_line' id='line_1_20' title="bbox 122 2401 1183 2478; baseline 0 -18"><span class='ocrx_word' id='word_1_150' title='bbox 122 2407 200 2478; x_wconf 83' lang='lat' dir='ltr'><strong>liujus</strong></span> <span class='ocrx_word' id='word_1_151' title='bbox 213 2404 249 2458; x_wconf 90' lang='lat' dir='ltr'><strong>ad</strong></span> <span class='ocrx_word' id='word_1_152' title='bbox 262 2403 334 2458; x_wconf 86' lang='lat' dir='ltr'><strong>illam</strong></span> <span class='ocrx_word' id='word_1_153' title='bbox 348 2403 442 2456; x_wconf 81' lang='lat' dir='ltr'><strong>litterae</strong></span> <span class='ocrx_word' id='word_1_154' title='bbox 455 2401 524 2454; x_wconf 85' lang='lat' dir='ltr'><strong>inter</strong></span> <span class='ocrx_word' id='word_1_155' title='bbox 536 2401 631 2455; x_wconf 81' lang='lat' dir='ltr'><strong>Heroi·</strong></span> <span class='ocrx_word' id='word_1_156' title='bbox 678 2436 710 2445; x_wconf 94' lang='lat'><em>-</em></span> <span class='ocrx_word' id='word_1_157' title='bbox 722 2403 807 2468; x_wconf 77' lang='lat' dir='ltr'><strong>Fecit,</strong></span> <span class='ocrx_word' id='word_1_158' title='bbox 824 2416 875 2456; x_wconf 86' lang='lat' dir='ltr'><strong>etc.</strong></span> <span class='ocrx_word' id='word_1_159' title='bbox 889 2403 1023 2459; x_wconf 84' lang='lat' dir='ltr'><strong>Plutarch.</strong></span> <span class='ocrx_word' id='word_1_160' title='bbox 1039 2406 1066 2459; x_wconf 92' lang='lat' dir='ltr'><strong>in</strong></span> <span class='ocrx_word' id='word_1_161' title='bbox 1085 2407 1183 2460; x_wconf 80' lang='lat' dir='ltr'><strong>Eume·</strong></span> 
     </span>
     <span class='ocr_line' id='line_1_21' title="bbox 123 2481 1183 2555; baseline 0 -15"><span class='ocrx_word' id='word_1_162' title='bbox 123 2487 188 2541; x_wconf 90' lang='lat' dir='ltr'><strong>dum</strong></span> <span class='ocrx_word' id='word_1_163' title='bbox 202 2484 324 2555; x_wconf 89' lang='lat' dir='ltr'><strong>epistolas</strong></span> <span class='ocrx_word' id='word_1_164' title='bbox 336 2483 388 2536; x_wconf 85' lang='lat' dir='ltr'><strong>sint</strong></span> <span class='ocrx_word' id='word_1_165' title='bbox 403 2481 473 2554; x_wconf 87' lang='lat' dir='ltr'><strong>apud</strong></span> <span class='ocrx_word' id='word_1_166' title='bbox 488 2482 630 2535; x_wconf 86' lang='lat' dir='ltr'><strong>Nasonem.</strong></span> <span class='ocrx_word' id='word_1_167' title='bbox 673 2501 725 2545; x_wconf 89' lang='lat' dir='ltr'><strong>ne,</strong></span> <span class='ocrx_word' id='word_1_168' title='bbox 751 2501 810 2553; x_wconf 85' lang='lat' dir='ltr'><strong>pag.</strong></span> <span class='ocrx_word' id='word_1_169' title='bbox 839 2482 904 2536; x_wconf 80' lang='lat'><strong>585.</strong></span> <span class='ocrx_word' id='word_1_170' title='bbox 928 2483 960 2534; x_wconf 90' lang='lat' dir='ltr'><strong>ln</strong></span> <span class='ocrx_word' id='word_1_171' title='bbox 977 2503 1183 2540; x_wconf 86' lang='lat' dir='ltr'><strong>nummoaureo</strong></span> 
     </span>
     <span class='ocr_line' id='line_1_22' title="bbox 123 2559 1183 2638; baseline 0 -18"><span class='ocrx_word' id='word_1_172' title='bbox 123 2565 173 2620; x_wconf 77' lang='lat' dir='ltr'><strong>sed</strong></span> <span class='ocrx_word' id='word_1_173' title='bbox 192 2584 243 2618; x_wconf 85' lang='lat' dir='ltr'><strong>nec</strong></span> <span class='ocrx_word' id='word_1_174' title='bbox 264 2582 315 2617; x_wconf 82' lang='lat' dir='ltr'><strong>vox</strong></span> <span class='ocrx_word' id='word_1_175' title='bbox 338 2564 437 2615; x_wconf 83' lang='lat' dir='ltr'><strong>Herone</strong></span> <span class='ocrx_word' id='word_1_176' title='bbox 456 2561 512 2634; x_wconf 89' lang='lat' dir='ltr'><strong>ipsa</strong></span> <span class='ocrx_word' id='word_1_177' title='bbox 534 2581 582 2633; x_wconf 87' lang='lat' dir='ltr'><strong>per</strong></span> <span class='ocrx_word' id='word_1_178' title='bbox 602 2579 632 2615; x_wconf 84' lang='lat' dir='ltr'><strong>se</strong></span> <span class='ocrx_word' id='word_1_179' title='bbox 673 2559 877 2625; x_wconf 85' lang='lat' dir='ltr'><strong>didrachmo‚e</strong></span> <span class='ocrx_word' id='word_1_180' title='bbox 897 2559 968 2615; x_wconf 83' lang='lat' dir='ltr'><strong>Gaza</strong></span> <span class='ocrx_word' id='word_1_181' title='bbox 991 2565 1183 2638; x_wconf 62' lang='lat' dir='ltr'><strong>Regia„quem</strong></span> 
     </span>
     <span class='ocr_line' id='line_1_23' title="bbox 122 2641 1183 2716; baseline 0.001 -20"><span class='ocrx_word' id='word_1_182' title='bbox 122 2647 223 2716; x_wconf 89' lang='lat' dir='ltr'><strong>placet,</strong></span> <span class='ocrx_word' id='word_1_183' title='bbox 237 2656 263 2697; x_wconf 91' lang='lat' dir='ltr'><strong>et</strong></span> <span class='ocrx_word' id='word_1_184' title='bbox 282 2643 384 2696; x_wconf 84' lang='lat' dir='ltr'><strong>Plinius</strong></span> <span class='ocrx_word' id='word_1_185' title='bbox 398 2643 454 2713; x_wconf 88' lang='lat' dir='ltr'><strong>ipse</strong></span> <span class='ocrx_word' id='word_1_186' title='bbox 466 2660 546 2713; x_wconf 86' lang='lat' dir='ltr'><strong>supra</strong></span> <span class='ocrx_word' id='word_1_187' title='bbox 558 2641 631 2694; x_wconf 88' lang='lat' dir='ltr'><strong>simi·</strong></span> <span class='ocrx_word' id='word_1_188' title='bbox 673 2642 803 2713; x_wconf 70' lang='lat' dir='ltr'><strong>Seguinus</strong></span> <span class='ocrx_word' id='word_1_189' title='bbox 817 2642 932 2713; x_wconf 77' lang='lat' dir='ltr'><strong>vulgavit</strong></span> <span class='ocrx_word' id='word_1_190' title='bbox 940 2682 948 2707; x_wconf 92' lang='lat'><em>‚</em></span> <span class='ocrx_word' id='word_1_191' title='bbox 963 2663 1023 2715; x_wconf 74' lang='lat' dir='ltr'><strong>pag.</strong></span> <span class='ocrx_word' id='word_1_192' title='bbox 1039 2643 1088 2711; x_wconf 70' lang='grc'><strong>54,</strong></span> <span class='ocrx_word' id='word_1_193' title='bbox 1104 2660 1183 2711; x_wconf 80' lang='lat' dir='ltr'><strong>caput</strong></span> 
     </span>
     <span class='ocr_line' id='line_1_24' title="bbox 122 2719 1183 2796; baseline 0.002 -19"><span class='ocrx_word' id='word_1_194' title='bbox 122 2725 181 2779; x_wconf 85' lang='lat' dir='ltr'><strong>liter</strong></span> <span class='ocrx_word' id='word_1_195' title='bbox 188 2722 222 2777; x_wconf 87' lang='lat' dir='ltr'><strong>de</strong></span> <span class='ocrx_word' id='word_1_196' title='bbox 228 2723 372 2777; x_wconf 87' lang='lat' dir='ltr'><strong>Tiauthe</strong></span> <span class='ocrx_word' id='word_1_197' title='bbox 382 2741 389 2775; x_wconf 74' lang='grc' dir='ltr'><strong><em>ε</em></strong></span> <span class='ocrx_word' id='word_1_198' title='bbox 399 2748 410 2770; x_wconf 78' lang='grc' dir='ltr'><strong>ι</strong></span> <span class='ocrx_word' id='word_1_199' title='bbox 421 2720 508 2775; x_wconf 85' lang='lat' dir='ltr'><strong>Pinxit</strong></span> <span class='ocrx_word' id='word_1_200' title='bbox 515 2735 541 2776; x_wconf 86' lang='lat' dir='ltr'><strong>et</strong></span> <span class='ocrx_word' id='word_1_201' title='bbox 548 2722 630 2776; x_wconf 84' lang='lat' dir='ltr'><strong>heros</strong></span> <span class='ocrx_word' id='word_1_202' title='bbox 673 2723 748 2775; x_wconf 72' lang='lat' dir='ltr'><strong>loris</strong></span> <span class='ocrx_word' id='word_1_203' title='bbox 759 2719 887 2774; x_wconf 83' lang='lat' dir='ltr'><strong>Dodonaei</strong></span> <span class='ocrx_word' id='word_1_204' title='bbox 898 2735 951 2788; x_wconf 87' lang='lat' dir='ltr'><strong>est,</strong></span> <span class='ocrx_word' id='word_1_205' title='bbox 965 2742 1062 2778; x_wconf 87' lang='lat' dir='ltr'><strong>corona</strong></span> <span class='ocrx_word' id='word_1_206' title='bbox 1070 2744 1183 2796; x_wconf 86' lang='lat' dir='ltr'><strong>quercea</strong></span> 
     </span>
     <span class='ocr_line' id='line_1_25' title="bbox 122 2800 1182 2875; baseline 0.001 -18"><span class='ocrx_word' id='word_1_207' title='bbox 122 2803 307 2857; x_wconf 83' lang='lat' dir='ltr'><strong>absolutissimi</strong></span> <span class='ocrx_word' id='word_1_208' title='bbox 322 2802 427 2873; x_wconf 87' lang='lat' dir='ltr'><strong>operis,</strong></span> <span class='ocrx_word' id='word_1_209' title='bbox 448 2813 531 2853; x_wconf 88' lang='lat' dir='ltr'><strong>artem</strong></span> <span class='ocrx_word' id='word_1_210' title='bbox 547 2800 630 2872; x_wconf 87' lang='lat' dir='ltr'><strong>ipsam</strong></span> <span class='ocrx_word' id='word_1_211' title='bbox 673 2800 844 2863; x_wconf 85' lang='lat' dir='ltr'><strong>redimitum,</strong></span> <span class='ocrx_word' id='word_1_212' title='bbox 878 2800 934 2853; x_wconf 88' lang='lat' dir='ltr'><strong>sine</strong></span> <span class='ocrx_word' id='word_1_213' title='bbox 961 2803 1114 2875; x_wconf 75' lang='lat' dir='ltr'><strong>epigraphe.</strong></span> <span class='ocrx_word' id='word_1_214' title='bbox 1150 2806 1182 2858; x_wconf 92' lang='lat' dir='ltr'><strong>In</strong></span> 
     </span>
     <span class='ocr_line' id='line_1_26' title="bbox 121 2879 1183 2955; baseline 0.001 -17"><span class='ocrx_word' id='word_1_215' title='bbox 121 2885 275 2955; x_wconf 81' lang='lat' dir='ltr'><strong>complexus</strong></span> <span class='ocrx_word' id='word_1_216' title='bbox 287 2880 360 2935; x_wconf 76' lang='lat' dir='ltr'><strong>viros</strong></span> <span class='ocrx_word' id='word_1_217' title='bbox 374 2879 512 2953; x_wconf 83' lang='lat' dir='ltr'><strong>pingendi.</strong></span> <span class='ocrx_word' id='word_1_218' title='bbox 528 2906 539 2927; x_wconf 86' lang='grc' dir='ltr'><strong>ι</strong></span> <span class='ocrx_word' id='word_1_219' title='bbox 556 2880 590 2933; x_wconf 84' lang='grc' dir='ltr'><strong>Η.</strong></span> <span class='ocrx_word' id='word_1_220' title='bbox 673 2900 762 2934; x_wconf 80' lang='lat' dir='ltr'><strong>aversa</strong></span> <span class='ocrx_word' id='word_1_221' title='bbox 771 2894 860 2952; x_wconf 85' lang='lat' dir='ltr'><strong>parte,</strong></span> <span class='ocrx_word' id='word_1_222' title='bbox 873 2880 973 2934; x_wconf 87' lang='lat' dir='ltr'><strong>lnlmen</strong></span> <span class='ocrx_word' id='word_1_223' title='bbox 986 2882 1028 2935; x_wconf 89' lang='lat' dir='ltr'><strong>cui</strong></span> <span class='ocrx_word' id='word_1_224' title='bbox 1040 2882 1112 2937; x_wconf 87' lang='lat' dir='ltr'><strong>sidus</strong></span> <span class='ocrx_word' id='word_1_225' title='bbox 1122 2885 1183 2940; x_wconf 91' lang='lat' dir='ltr'><strong>solis</strong></span> 
     </span>
    </p>

    <p class='ocr_par' dir='ltr' id='par_1_6' title="bbox 122 2959 1184 3112">
     <span class='ocr_line' id='line_1_27' title="bbox 160 2959 1184 3035; baseline 0.003 -21"><span class='ocrx_word' id='word_1_226' title='bbox 160 2971 206 3033; x_wconf 65' lang='lat'><strong>47.</strong></span> <span class='ocrx_word' id='word_1_227' title='bbox 220 2964 251 3015; x_wconf 80' lang='lat' dir='ltr'><strong>Is</strong></span> <span class='ocrx_word' id='word_1_228' title='bbox 261 2964 399 3013; x_wconf 72' lang='lat' dir='ltr'><strong>aeramine.</strong></span> <span class='ocrx_word' id='word_1_229' title='bbox 410 2962 440 3012; x_wconf 91' lang='lat' dir='ltr'><strong>ln</strong></span> <span class='ocrx_word' id='word_1_230' title='bbox 452 2959 563 3031; x_wconf 82' lang='lat' dir='ltr'><strong>picturae</strong></span> <span class='ocrx_word' id='word_1_231' title='bbox 574 2976 631 3014; x_wconf 87' lang='lat' dir='ltr'><strong>cer·</strong></span> <span class='ocrx_word' id='word_1_232' title='bbox 673 2960 868 3033; x_wconf 88' lang='lat' dir='ltr'><strong>superpositum</strong></span> <span class='ocrx_word' id='word_1_233' title='bbox 885 2971 939 3026; x_wconf 86' lang='lat' dir='ltr'><strong>est,</strong></span> <span class='ocrx_word' id='word_1_234' title='bbox 956 2963 1034 3033; x_wconf 70' lang='lat' dir='ltr'><strong>regie</strong></span> <span class='ocrx_word' id='word_1_235' title='bbox 1050 2961 1184 3035; x_wconf 73' lang='lat' dir='ltr'><strong>dignitatis</strong></span> 
     </span>
     <span class='ocr_line' id='line_1_28' title="bbox 122 3039 1184 3112; baseline 0.001 -16"><span class='ocrx_word' id='word_1_236' title='bbox 122 3044 218 3095; x_wconf 84' lang='lat' dir='ltr'><strong>tamine</strong></span> <span class='ocrx_word' id='word_1_237' title='bbox 229 3060 292 3094; x_wconf 91' lang='lat' dir='ltr'><strong>cum</strong></span> <span class='ocrx_word' id='word_1_238' title='bbox 307 3040 383 3094; x_wconf 87' lang='lat' dir='ltr'><strong>sociis</strong></span> <span class='ocrx_word' id='word_1_239' title='bbox 393 3040 464 3093; x_wconf 88' lang='lat' dir='ltr'><strong>artis.</strong></span> <span class='ocrx_word' id='word_1_240' title='bbox 479 3039 570 3091; x_wconf 76' lang='lat' dir='ltr'><strong>lisso.</strong></span> <span class='ocrx_word' id='word_1_241' title='bbox 673 3040 824 3111; x_wconf 77' lang='lat' dir='ltr'><strong>symbolum</strong></span> <span class='ocrx_word' id='word_1_242' title='bbox 842 3052 849 3087; x_wconf 76' lang='grc' dir='ltr'><em>τ</em></span> <span class='ocrx_word' id='word_1_243' title='bbox 865 3040 950 3105; x_wconf 81' lang='lat' dir='ltr'><strong>inira,</strong></span> <span class='ocrx_word' id='word_1_244' title='bbox 971 3042 1116 3112; x_wconf 87' lang='lat' dir='ltr'><strong>spiculum,</strong></span> <span class='ocrx_word' id='word_1_245' title='bbox 1136 3043 1184 3097; x_wconf 86' lang='lat' dir='ltr'><strong>de·</strong></span> 
     </span>
    </p>

    <p class='ocr_par' dir='ltr' id='par_1_7' title="bbox 121 3119 1184 3413">
     <span class='ocr_line' id='line_1_29' title="bbox 162 3119 1183 3192; baseline 0.005 -21"><span class='ocrx_word' id='word_1_246' title='bbox 162 3124 208 3185; x_wconf 75' lang='grc'><strong>48.</strong></span> <span class='ocrx_word' id='word_1_247' title='bbox 223 3122 299 3190; x_wconf 80' lang='lat' dir='ltr'><strong>Quod</strong></span> <span class='ocrx_word' id='word_1_248' title='bbox 303 3120 421 3190; x_wconf 80' lang='lat' dir='ltr'><strong>judicium</strong></span> <span class='ocrx_word' id='word_1_249' title='bbox 437 3119 472 3169; x_wconf 78' lang='lat' dir='ltr'><strong>ud</strong></span> <span class='ocrx_word' id='word_1_250' title='bbox 481 3132 559 3169; x_wconf 80' lang='lat' dir='ltr'><strong>mutus</strong></span> <span class='ocrx_word' id='word_1_251' title='bbox 572 3137 632 3187; x_wconf 82' lang='lat' dir='ltr'><strong>quc-</strong></span> <span class='ocrx_word' id='word_1_252' title='bbox 673 3119 1065 3192; x_wconf 68' lang='lat' dir='ltr'><strong>signanslipirumAEpigruplie</strong></span> <span class='ocrx_word' id='word_1_253' title='bbox 1076 3144 1082 3173; x_wconf 91' lang='lat'>:</span> <span class='ocrx_word' id='word_1_254' title='bbox 1093 3127 1183 3176; x_wconf 73' lang='grc' dir='ltr'>ΑΛΕΞ-</span> 
     </span>
     <span class='ocr_line' id='line_1_30' title="bbox 122 3195 1183 3271; baseline 0.005 -20"><span class='ocrx_word' id='word_1_255' title='bbox 122 3200 358 3271; x_wconf 73' lang='lat' dir='ltr'><strong>deupedu.1uquo</strong></span> <span class='ocrx_word' id='word_1_256' title='bbox 373 3199 518 3252; x_wconf 84' lang='lat' dir='ltr'><strong>certamine</strong></span> <span class='ocrx_word' id='word_1_257' title='bbox 529 3195 633 3268; x_wconf 84' lang='lat' dir='ltr'><strong>judices</strong></span> <span class='ocrx_word' id='word_1_258' title='bbox 673 3203 802 3253; x_wconf 76' lang='grc' dir='ltr'><strong>ΑΝΔΡΟΥ</strong></span> <span class='ocrx_word' id='word_1_259' title='bbox 831 3204 894 3251; x_wconf 83' lang='grc' dir='ltr'><strong>ΤΟΥ</strong></span> <span class='ocrx_word' id='word_1_260' title='bbox 922 3204 1183 3257; x_wconf 75' lang='grc' dir='ltr'><strong>ΝΕΟΠΤΟΔΕΜΟΥ.</strong></span> 
     </span>
     <span class='ocr_line' id='line_1_31' title="bbox 123 3276 1184 3351; baseline 0.003 -18"><span class='ocrx_word' id='word_1_261' title='bbox 123 3280 219 3333; x_wconf 79' lang='lat' dir='ltr'><strong>laabere</strong></span> <span class='ocrx_word' id='word_1_262' title='bbox 232 3276 433 3349; x_wconf 83' lang='lat' dir='ltr'><strong>qraadrupedes,</strong></span> <span class='ocrx_word' id='word_1_263' title='bbox 453 3295 533 3348; x_wconf 86' lang='lat' dir='ltr'><strong>quam</strong></span> <span class='ocrx_word' id='word_1_264' title='bbox 547 3276 633 3329; x_wconf 89' lang='lat' dir='ltr'><strong>homi·</strong></span> <span class='ocrx_word' id='word_1_265' title='bbox 673 3277 816 3333; x_wconf 77' lang='lat' dir='ltr'><strong>Alexandri</strong></span> <span class='ocrx_word' id='word_1_266' title='bbox 830 3278 969 3343; x_wconf 83' lang='lat' dir='ltr'><strong>numisma,</strong></span> <span class='ocrx_word' id='word_1_267' title='bbox 981 3280 1184 3351; x_wconf 85' lang='lat' dir='ltr'><strong>qui&#39;Neoptols·</strong></span> 
     </span>
     <span class='ocr_line' id='line_1_32' title="bbox 121 3356 906 3413; baseline -0.003 -2"><span class='ocrx_word' id='word_1_268' title='bbox 121 3379 167 3413; x_wconf 92' lang='lat' dir='ltr'><strong>nes</strong></span> <span class='ocrx_word' id='word_1_269' title='bbox 179 3358 284 3412; x_wconf 87' lang='lat' dir='ltr'><strong>maluit.</strong></span> <span class='ocrx_word' id='word_1_270' title='bbox 296 3359 387 3410; x_wconf 77' lang='lat' dir='ltr'><strong>lisan.</strong></span> <span class='ocrx_word' id='word_1_271' title='bbox 674 3360 712 3411; x_wconf 88' lang='lat' dir='ltr'><strong>mi</strong></span> <span class='ocrx_word' id='word_1_272' title='bbox 724 3358 803 3412; x_wconf 83' lang='lat' dir='ltr'><strong>filius.</strong></span> <span class='ocrx_word' id='word_1_273' title='bbox 816 3356 906 3410; x_wconf 79' lang='lat' dir='ltr'><strong>Haeo.</strong></span> 
     </span>
    </p>

    <p class='ocr_par' dir='ltr' id='par_1_8' title="bbox 55 3435 1184 3668">
     <span class='ocr_line' id='line_1_33' title="bbox 162 3435 1184 3512; baseline 0.002 -21"><span class='ocrx_word' id='word_1_274' title='bbox 162 3446 209 3507; x_wconf 66' lang='lat'><strong>49.</strong></span> <span class='ocrx_word' id='word_1_275' title='bbox 230 3439 423 3507; x_wconf 76' lang='lat' dir='ltr'><strong>Inducelseqm&#39;s.</strong></span> <span class='ocrx_word' id='word_1_276' title='bbox 443 3436 518 3501; x_wconf 85' lang='lat' dir='ltr'><strong>Quos</strong></span> <span class='ocrx_word' id='word_1_277' title='bbox 534 3435 563 3488; x_wconf 89' lang='lat' dir='ltr'><strong>in</strong></span> <span class='ocrx_word' id='word_1_278' title='bbox 576 3452 631 3488; x_wconf 90' lang='lat' dir='ltr'><strong>me·</strong></span> <span class='ocrx_word' id='word_1_279' title='bbox 715 3437 760 3491; x_wconf 77' lang='lat'><strong>52.</strong></span> <span class='ocrx_word' id='word_1_280' title='bbox 789 3436 940 3490; x_wconf 76' lang='lat' dir='ltr'><strong>Archelaum.</strong></span> <span class='ocrx_word' id='word_1_281' title='bbox 964 3438 1017 3491; x_wconf 88' lang='lat' dir='ltr'><strong>Vel</strong></span> <span class='ocrx_word' id='word_1_282' title='bbox 1042 3439 1184 3512; x_wconf 82' lang='lat' dir='ltr'><strong>physicum</strong></span> 
     </span>
     <span class='ocr_line' id='line_1_34' title="bbox 121 3512 1183 3589; baseline 0.006 -21"><span class='ocrx_word' id='word_1_283' title='bbox 121 3515 194 3570; x_wconf 77' lang='lat' dir='ltr'><strong>dium</strong></span> <span class='ocrx_word' id='word_1_284' title='bbox 203 3530 231 3571; x_wconf 92' lang='lat' dir='ltr'><strong>et</strong></span> <span class='ocrx_word' id='word_1_285' title='bbox 242 3514 342 3571; x_wconf 68' lang='lat' dir='ltr'><strong>&#39;velun</strong></span> <span class='ocrx_word' id='word_1_286' title='bbox 334 3535 361 3569; x_wconf 91' lang='lat' dir='ltr'><strong>m</strong></span> <span class='ocrx_word' id='word_1_287' title='bbox 371 3534 475 3570; x_wconf 89' lang='lat' dir='ltr'><strong>scenam</strong></span> <span class='ocrx_word' id='word_1_288' title='bbox 483 3512 631 3568; x_wconf 85' lang='lat' dir='ltr'><strong>induxerat</strong></span> <span class='ocrx_word' id='word_1_289' title='bbox 675 3517 838 3587; x_wconf 76' lang='lat' dir='ltr'><strong>Anaxagoras</strong></span> <span class='ocrx_word' id='word_1_290' title='bbox 866 3513 1039 3589; x_wconf 89' lang='lat' dir='ltr'><strong>discipulum,</strong></span> <span class='ocrx_word' id='word_1_291' title='bbox 1068 3520 1183 3575; x_wconf 83' lang='lat' dir='ltr'><strong>Socratis</strong></span> 
     </span>
     <span class='ocr_line' id='line_1_35' title="bbox 55 3596 1183 3668; baseline 0.001 -18"><span class='ocrx_word' id='word_1_292' title='bbox 55 3626 61 3633; x_wconf 88' lang='lat'><strong>·</strong></span> <span class='ocrx_word' id='word_1_293' title='bbox 123 3596 211 3650; x_wconf 72' lang='lat' dir='ltr'><strong>flam.</strong></span> <span class='ocrx_word' id='word_1_294' title='bbox 674 3608 880 3668; x_wconf 68' lang='lat' dir='ltr'><strong>preceptorem,</strong></span> <span class='ocrx_word' id='word_1_295' title='bbox 900 3596 942 3648; x_wconf 86' lang='lat' dir='ltr'><strong>vel</strong></span> <span class='ocrx_word' id='word_1_296' title='bbox 961 3596 1125 3653; x_wconf 69' lang='lat' dir='ltr'><strong>Macedonia</strong></span> <span class='ocrx_word' id='word_1_297' title='bbox 1141 3618 1183 3652; x_wconf 86' lang='lat' dir='ltr'><strong>re·</strong></span> 
     </span>
    </p>

    <p class='ocr_par' dir='ltr' id='par_1_9' title="bbox 124 3670 1291 3827">
     <span class='ocr_line' id='line_1_36' title="bbox 163 3670 1185 3747; baseline 0.001 -17"><span class='ocrx_word' id='word_1_298' title='bbox 163 3678 208 3731; x_wconf 82' lang='lat'><strong>50.</strong></span> <span class='ocrx_word' id='word_1_299' title='bbox 227 3676 324 3747; x_wconf 78' lang='lat' dir='ltr'><strong>Apellis</strong></span> <span class='ocrx_word' id='word_1_300' title='bbox 337 3687 429 3730; x_wconf 76' lang='lat' dir='ltr'><strong>tunsum</strong></span> <span class='ocrx_word' id='word_1_301' title='bbox 446 3694 506 3747; x_wconf 74' lang='lat' dir='ltr'><strong>equo</strong></span> <span class='ocrx_word' id='word_1_302' title='bbox 521 3670 633 3726; x_wconf 78' lang='lat' dir='ltr'><strong>adltmt-</strong></span> <span class='ocrx_word' id='word_1_303' title='bbox 675 3677 876 3747; x_wconf 74' lang='lat' dir='ltr'><strong>gem.Da1..-</strong></span> <span class='ocrx_word' id='word_1_304' title='bbox 890 3674 1043 3729; x_wconf 70' lang='lat' dir='ltr'><strong>Archelaum.</strong></span> <span class='ocrx_word' id='word_1_305' title='bbox 1060 3675 1185 3731; x_wconf 79' lang='lat' dir='ltr'><strong>Macedo-</strong></span> 
     </span>
     <span class='ocr_line' id='line_1_37' title="bbox 124 3756 1291 3847; baseline 0.001 -39"><span class='ocrx_word' id='word_1_306' title='bbox 124 3756 459 3821; x_wconf 76' lang='lat' dir='ltr'><strong>m.Vsler.Maa.V111,</strong></span> <span class='ocrx_word' id='word_1_307' title='bbox 472 3772 504 3807; x_wconf 87' lang='grc' dir='ltr'><strong>ιι</strong></span> <span class='ocrx_word' id='word_1_308' title='bbox 511 3774 554 3825; x_wconf 90' lang='lat' dir='ltr'><strong>,.p</strong></span> <span class='ocrx_word' id='word_1_309' title='bbox 548 3760 630 3847; x_wconf 36' lang='grc' dir='ltr'><strong>Ιιίοοι.</strong></span> <span class='ocrx_word' id='word_1_310' title='bbox 675 3755 847 3827; x_wconf 78' lang='lat' dir='ltr'><strong>niaeregem:</strong></span> <span class='ocrx_word' id='word_1_311' title='bbox 861 3772 940 3827; x_wconf 79' lang='lat' dir='ltr'><strong>quem</strong></span> <span class='ocrx_word' id='word_1_312' title='bbox 958 3756 1076 3809; x_wconf 84' lang='lat' dir='ltr'><strong>Socrates</strong></span> <span class='ocrx_word' id='word_1_313' title='bbox 1088 3757 1185 3822; x_wconf 82' lang='lat' dir='ltr'><strong>arebat</strong></span> <span class='ocrx_word' id='word_1_314' title='bbox 1287 3802 1291 3809; x_wconf 89' lang='lat'><strong>.</strong></span> 
     </span>
    </p>

    <p class='ocr_par' dir='ltr' id='par_1_10' title="bbox 122 3831 1263 4064">
     <span class='ocr_line' id='line_1_38' title="bbox 124 3831 1186 3905; baseline 0.001 -17.022"><span class='ocrx_word' id='word_1_315' title='bbox 124 3837 208 3901; x_wconf 75' lang='lat' dir='ltr'><strong>«Quo</strong></span> <span class='ocrx_word' id='word_1_316' title='bbox 226 3834 403 3888; x_wconf 83' lang='lat' dir='ltr'><strong>excusabilior</strong></span> <span class='ocrx_word' id='word_1_317' title='bbox 418 3846 457 3888; x_wconf 87' lang='lat' dir='ltr'><strong>est</strong></span> <span class='ocrx_word' id='word_1_318' title='bbox 469 3852 545 3887; x_wconf 87' lang='lat' dir='ltr'><strong>error</strong></span> <span class='ocrx_word' id='word_1_319' title='bbox 557 3832 633 3905; x_wconf 85' lang='lat' dir='ltr'><strong>eqni,</strong></span> <span class='ocrx_word' id='word_1_320' title='bbox 676 3834 761 3887; x_wconf 88' lang='lat' dir='ltr'><strong>minas</strong></span> <span class='ocrx_word' id='word_1_321' title='bbox 779 3834 880 3905; x_wconf 81' lang='lat' dir='ltr'><strong>argenti</strong></span> <span class='ocrx_word' id='word_1_322' title='bbox 893 3852 927 3887; x_wconf 77' lang='lat' dir='ltr'><strong>xa</strong></span> <span class='ocrx_word' id='word_1_323' title='bbox 943 3834 970 3886; x_wconf 87' lang='lat' dir='ltr'><strong>in</strong></span> <span class='ocrx_word' id='word_1_324' title='bbox 984 3831 1094 3888; x_wconf 88' lang='lat' dir='ltr'><strong>domum</strong></span> <span class='ocrx_word' id='word_1_325' title='bbox 1110 3854 1186 3889; x_wconf 83' lang='lat' dir='ltr'><strong>suana</strong></span> 
     </span>
     <span class='ocr_line' id='line_1_39' title="bbox 122 3906 1263 3992; baseline 0.004 -26"><span class='ocrx_word' id='word_1_326' title='bbox 122 3916 167 3986; x_wconf 77' lang='lat' dir='ltr'><strong>qui</strong></span> <span class='ocrx_word' id='word_1_327' title='bbox 187 3916 243 3969; x_wconf 81' lang='lat' dir='ltr'><strong>visa</strong></span> <span class='ocrx_word' id='word_1_328' title='bbox 265 3914 369 3985; x_wconf 86' lang='lat' dir='ltr'><strong>pictura</strong></span> <span class='ocrx_word' id='word_1_329' title='bbox 388 3906 633 3985; x_wconf 65' lang='lat' dir='ltr'><strong>equu‚&#39;hinnitum</strong></span> <span class='ocrx_word' id='word_1_330' title='bbox 677 3912 851 3985; x_wconf 85' lang='lat' dir='ltr'><strong>impendisse,</strong></span> <span class='ocrx_word' id='word_1_331' title='bbox 884 3910 1002 3967; x_wconf 86' lang='lat' dir='ltr'><strong>Zeuxide</strong></span> <span class='ocrx_word' id='word_1_332' title='bbox 1031 3913 1186 3969; x_wconf 79' lang='lat' dir='ltr'><strong>Heracleote</strong></span> <span class='ocrx_word' id='word_1_333' title='bbox 1258 3979 1263 3992; x_wconf 43' lang='grc' dir='ltr'>Ι</span> 
     </span>
     <span class='ocr_line' id='line_1_40' title="bbox 123 3990 1185 4064; baseline 0.002 -17"><span class='ocrx_word' id='word_1_334' title='bbox 123 3993 200 4047; x_wconf 74' lang='lat' dir='ltr'><strong>edere</strong></span> <span class='ocrx_word' id='word_1_335' title='bbox 213 4005 379 4047; x_wconf 81' lang='lat' dir='ltr'><strong>coactusest.</strong></span> <span class='ocrx_word' id='word_1_336' title='bbox 395 4018 407 4039; x_wconf 72' lang='grc' dir='ltr'><strong>ι</strong></span> <span class='ocrx_word' id='word_1_337' title='bbox 423 3992 513 4046; x_wconf 84' lang='grc' dir='ltr'><strong>Ηιιιιι.·</strong></span> <span class='ocrx_word' id='word_1_338' title='bbox 676 3990 825 4059; x_wconf 89' lang='lat' dir='ltr'><strong>conducto,</strong></span> <span class='ocrx_word' id='word_1_339' title='bbox 839 3992 884 4064; x_wconf 90' lang='lat' dir='ltr'><strong>qui</strong></span> <span class='ocrx_word' id='word_1_340' title='bbox 900 3993 1010 4062; x_wconf 85' lang='lat' dir='ltr'><strong>picturis</strong></span> <span class='ocrx_word' id='word_1_341' title='bbox 1030 4010 1087 4046; x_wconf 83' lang='lat' dir='ltr'><strong>eam</strong></span> <span class='ocrx_word' id='word_1_342' title='bbox 1107 4011 1185 4049; x_wconf 85' lang='lat' dir='ltr'><strong>orna·</strong></span> 
     </span>
    </p>

    <p class='ocr_par' dir='ltr' id='par_1_11' title="bbox 122 4070 1186 4225">
     <span class='ocr_line' id='line_1_41' title="bbox 164 4070 1186 4144; baseline 0.001 -18"><span class='ocrx_word' id='word_1_343' title='bbox 164 4072 287 4126; x_wconf 56' lang='lat' dir='ltr'><strong>difficit</strong></span> <span class='ocrx_word' id='word_1_344' title='bbox 292 4085 317 4125; x_wconf 86' lang='lat' dir='ltr'><strong>et</strong></span> <span class='ocrx_word' id='word_1_345' title='bbox 323 4073 509 4144; x_wconf 78' lang='lat' dir='ltr'><strong>Neoptolemum.</strong></span> <span class='ocrx_word' id='word_1_346' title='bbox 518 4072 634 4141; x_wconf 85' lang='lat' dir='ltr'><strong>Neopto·</strong></span> <span class='ocrx_word' id='word_1_347' title='bbox 676 4085 730 4126; x_wconf 83' lang='lat' dir='ltr'><strong>ret:</strong></span> <span class='ocrx_word' id='word_1_348' title='bbox 741 4072 770 4125; x_wconf 90' lang='lat' dir='ltr'><strong>in</strong></span> <span class='ocrx_word' id='word_1_349' title='bbox 783 4090 811 4125; x_wconf 86' lang='lat' dir='ltr'><strong>sc</strong></span> <span class='ocrx_word' id='word_1_350' title='bbox 820 4072 905 4143; x_wconf 83' lang='lat' dir='ltr'><strong>ipsum</strong></span> <span class='ocrx_word' id='word_1_351' title='bbox 915 4070 991 4125; x_wconf 90' lang='lat' dir='ltr'><strong>nihil.</strong></span> <span class='ocrx_word' id='word_1_352' title='bbox 1002 4071 1096 4125; x_wconf 83' lang='lat' dir='ltr'><strong>AElian.</strong></span> <span class='ocrx_word' id='word_1_353' title='bbox 1106 4072 1141 4125; x_wconf 88' lang='lat' dir='ltr'><strong>V.</strong></span> <span class='ocrx_word' id='word_1_354' title='bbox 1152 4074 1186 4127; x_wconf 83' lang='lat' dir='ltr'><strong>H.</strong></span> 
     </span>
     <span class='ocr_line' id='line_1_42' title="bbox 122 4142 921 4225; baseline -0.001 -20"><span class='ocrx_word' id='word_1_355' title='bbox 122 4151 221 4206; x_wconf 81' lang='lat' dir='ltr'><strong>lemuau</strong></span> <span class='ocrx_word' id='word_1_356' title='bbox 235 4142 376 4225; x_wconf 66' lang='lat' dir='ltr'><strong>intelligit,</strong></span> <span class='ocrx_word' id='word_1_357' title='bbox 389 4152 437 4224; x_wconf 82' lang='lat' dir='ltr'><strong>qui</strong></span> <span class='ocrx_word' id='word_1_358' title='bbox 449 4159 510 4207; x_wconf 83' lang='lat' dir='ltr'><strong>&#39;cum</strong></span> <span class='ocrx_word' id='word_1_359' title='bbox 519 4152 592 4207; x_wconf 81' lang='lat' dir='ltr'><strong>hasta</strong></span> <span class='ocrx_word' id='word_1_360' title='bbox 607 4162 634 4204; x_wconf 89' lang='lat' dir='ltr'><strong>et</strong></span> <span class='ocrx_word' id='word_1_361' title='bbox 677 4151 753 4213; x_wconf 85' lang='lat' dir='ltr'><strong>XIV,</strong></span> <span class='ocrx_word' id='word_1_362' title='bbox 769 4152 921 4222; x_wconf 75' lang='lat' dir='ltr'><strong>17.1tmr›.</strong></span> 
     </span>
    </p>
   </div>
   <div class='ocr_carea' id='block_1_4' title="bbox 0 0 1558 5125">
    <p class='ocr_par' dir='ltr' id='par_1_12' title="bbox 0 0 1558 5125">
     <span class='ocr_line' id='line_1_43' title="bbox 0 0 1558 5125; baseline 0 0"><span class='ocrx_word' id='word_1_363' title='bbox 0 0 1558 5125; x_wconf 95' lang='lat' dir='ltr'><strong> </strong></span> 
     </span>
    </p>
   </div>
  </div>
 </body>
</html>
