3100 5125
392 566 436 637 28
660 570 698 638 C.
726 571 889 639 PLlNll
914 570 1021 637 Nar.
1048 570 1177 636 lllST.

283 732 298 757 ·
391 702 495 769 vitute
515 699 642 770 liberati
663 701 874 772 transiliant:
895 701 984 796 quod
996 717 1093 771 antea
1112 724 1292 795 numquam
1310 713 1383 769 erat
1404 701 1458 770 sa-

391 796 498 888 ctum,
517 810 671 901 quoniam
691 810 724 875 in
742 808 849 877 ferreo
868 806 967 876 anulo
985 809 1110 900 equites
1125 807 1315 900 judicesque
1329 807 1455 877 intelli-

393 914 555 1007 gebautur
578 938 585 979 :
613 913 761 1007 adeoque
785 917 1009 1008 promiscuum
1032 915 1064 981 id
1084 938 1154 983 esse
1176 915 1294 1007 eoepit,
1310 927 1347 981 ut
1364 913 1457 1006 apud

394 1016 571 1088 Claudium
588 1022 769 1107 Caesarem,
789 1022 823 1087 in
847 1045 985 1089 censura
1000 1007 1118 1112 ejus¹⁴,
1135 1044 1220 1088 uuus
1235 1044 1276 1087 ex
1289 1019 1457 1111 equitibus

392 1122 524 1194 Flavius
540 1124 713 1211 Proculus,
727 1126 985 1221 quadringentos
1001 1150 1041 1195 ex
1057 1149 1095 1194 ea
1109 1148 1208 1195 eausa
1223 1110 1327 1193 reos¹⁵
1340 1139 1457 1219 postu·

394 1229 485 1299 laret.
505 1234 556 1299 lta
572 1230 650 1299 dum
670 1246 842 1325 separatur
857 1230 941 1302 ordo
958 1232 1165 1327 ab‘iugeuuis
1174 1216 1209 1310 ¹⁶,
1227 1233 1458 1299 communica-

396 1349 448 1405 tus
462 1349 513 1404 est
529 1361 604 1405 cum
619 1340 768 1407 servitiis.

360 1458 376 1511 3
445 1441 599 1511 iudicum
621 1459 730 1512 autem
758 1444 980 1539 appellatione
1010 1445 1154 1537 separari
1181 1466 1257 1512 eum
1283 1442 1456 1525 ordinem,

394 1550 493 1641 primi
511 1551 660 1617 omnium
683 1552 852 1620 instituere
868 1550 1013 1621 Gracchi
1021 1548 1057 1636 ¹⁷,
1073 1549 1215 1618 discordi
1235 1548 1457 1643 popularitate

393 1654 428 1721 in
455 1654 687 1725 contumeliam
719 1671 852 1726 senatus
877 1684 884 1724 :
911 1683 989 1727 mox
1017 1681 1054 1725 ea
1082 1654 1259 1741 debellata,
1278 1656 1462 1723 auctoritas

393 1762 535 1829 nominis
544 1763 635 1829 vario
644 1762 840 1831 seditionum
851 1777 971 1831 eventu
983 1764 1070 1831 circa
1086 1760 1278 1856 publicanos
1292 1761 1456 1829 substitit:

394 1865 631 1959 etaliquamdiu
643 1870 746 1937 tertiae
754 1855 874 1937 vires¹⁸
892 1867 1056 1963 publicani
1074 1864 1175 1935 suere.
1191 1869 1326 1935 Marcus
1336 1870 1458 1936 Cicero

394 1970 527 2039 demunt
549 1972 707 2043 stabilivit
730 1990 881 2070 equestre
899 2000 1021 2043 nomen
1046 1975 1080 2041 in
1105 1972 1278 2043 consulatu
1295 1998 1375 2059 suo,
1392 1974 1458 2041 Ca-

394 2075 539 2147 tilinanis
552 2079 649 2148 rebus
661 2079 696 2162 ¹⁹,
706 2105 745 2148 ex
758 2106 798 2149 eo
814 2105 848 2149 se
862 2081 978 2150 ordine
994 2078 1261 2173 profectumesse
1269 2077 1460 2161 celebrans,

394 2183 528 2277 ejusque
548 2186 633 2253 vires
650 2186 806 2279 peculiari
817 2185 1037 2281 popularitate
1057 2209 1215 2279 qurerens.
1235 2185 1286 2253 Ab
1302 2183 1357 2253 illo
1374 2199 1458 2253 tem·

393 2380 473 2433 simut
482 2399 542 2433 cum
554 2382 668 2452 equestri
679 2380 816 2453 dignitate.
828 2385 906 2437 Taci-
948 2401 997 2453 per
1009 2401 1093 2434 annos
1102 2380 1193 2437 decem
1205 2382 1327 2451 turpiter,
1342 2393 1411 2434 etc.»
1424 2380 1462 2433 Η.

394 2472 446 2523 tus,
455 2459 630 2513 Historiarum
641 2462 711 2513 libro
718 2463 820 2532 primo:
831 2464 904 2515 «Nec
947 2494 987 2505 -·
996 2464 1074 2513 Primi
1088 2465 1193 2513 emamus
1203 2465 1330 2513 instituere
1340 2460 1461 2515 Gracchi.

395 2539 666 2610 minorgratiaJulio
684 2540 776 2596 Galba
794 2542 904 2608 liberto,
947 2544 1029 2613 Regg.
1059 2539 1139 2595 codd.
1170 2555 1327 2612 veteresque
1354 2541 1462 2594 nummi

394 2637 474 2688 quem
490 2619 575 2672 auulis
587 2619 717 2674 donatum
732 2622 847 2692 equestri
857 2643 905 2674 no-
946 2641 1001 2674 nou
1021 2620 1147 2685 Gracchi,
1173 2620 1219 2674 sed
1243 2620 1335 2674 Gracci
1361 2621 1463 2690 profe-

393 2698 465 2750 mine
473 2698 634 2750 Mattianum
645 2700 904 2754 vocitabant-Idem
946 2714 1020 2754 runt.
1035 2701 1086 2752 Eu.

394 2775 568 2830 Historiarum
597 2777 729 2843 ucnndo,
756 2779 905 2832 Asiaticum
992 2783 1036 2834 sil.
1054 2782 1145 2831 Tertio
1157 2784 1230 2832 uires.
1244 2778 1351 2832 Tertiae
1366 2780 1463 2842 locus,

396 2853 498 2908 Vitellii
507 2857 643 2921 libertum,
655 2857 691 2910 sit
700 2855 829 2910 donnum
838 2877 902 2912 suu·
947 2859 1026 2912 tertia
1047 2857 1168 2926 dignitas.
1193 2858 1255 2911 Fuit
1271 2877 1355 2930 quum
1369 2860 1463 2929 legen-

394 2933 436 2996 lis,
455 2933 529 3005 quod
541 2947 616 2989 antea
630 2935 739 3001 dixerat,
749 2942 851 3008 equestri
864 2939 904 2991 dt·
948 2936 1013 2991 dum
1027 2938 1183 3007 suspicarer,
1194 2942 1270 2990 tertie
1281 2944 1353 2992 uices.
1367 2937 1464 2990 Hirro.

393 3018 495 3083 gnitate.
513 3015 605 3068 liano.
990 3036 1033 3085 ¹9·
1052 3017 1088 3069 Ei
1100 3030 1208 3070 semturs
1223 3018 1361 3070 concilim.
1373 3020 1468 3070 Vetus.

332 3089 335 3096 “
438 3101 482 3157 ¹4·
498 3095 529 3145 Ia
548 3113 647 3146 censura
663 3098 723 3167 ejus.
736 3097 823 3161 Quam
841 3116 902 3150 cnm
946 3097 1081 3166 exemplar
1099 3098 1178 3168 longe
1199 3092 1299 3151 aliter:
1323 3097 1465 3150 ceratitim¹

394 3171 426 3224 L.
442 3173 550 3226 Vitellio
566 3175 658 3244 gessit,
679 3176 845 3247 principatus
863 3177 903 3228 sui
947 3176 1041 3228 rebus:
1067 3190 1096 3228 ut
1120 3177 1191 3230 t‘orte
1214 3176 1382 3229 scribendum
1410 3177 1461 3238 sit,

338 3305 340 3314 ,
394 3253 904 3323 enuoootavo,lustrumquelecitnxxtv.
949 3255 1175 3308 Cartilioaisrebus.
1191 3257 1464 3310 Pron-Catilinianis

439 3332 483 3386 15.
495 3333 538 3384 Ea
546 3352 652 3386 caesura
661 3335 811 3399 recaQuod
819 3354 903 3406 quum
947 3335 1025 3387 mdiu.
1037 3336 1155 3406 Vestigis
1166 3335 1266 3389 codicis
1280 3334 1466 3404 probatissimi

395 3411 464 3464 servi
481 3424 582 3472 essent,
609 3426 653 3465 sut
672 3413 779 3478 liberti,
802 3415 904 3484 insigne
948 3415 1012 3484 lieg.
1025 3433 1050 3478 a,
1062 3415 1162 3486 integra
1173 3414 1227 3469 fide
1236 3416 1318 3468 secuti
1328 3416 1387 3468 loco
1396 3414 1464 3465 huic

395 3491 513 3560 equitum
524 3504 663 3561 gestarent.
678 3491 768 3546 Haeo.
946 3494 1110 3547 curationem
1131 3494 1318 3546 adhibuimus:
1346 3512 1407 3546 nam
1432 3494 1466 3545 iu.

438 3575 482 3623 16.
497 3571 664 3639 Attagenae.
678 3574 700 3623 Α
715 3586 806 3626 senatu
818 3585 844 3626 et
853 3592 903 3643 po·
945 3591 979 3626 eo
993 3571 1107 3627 vidimus
1121 3573 1193 3643 quod
1207 3587 1232 3626 et
1248 3577 1275 3627 in
1291 3592 1341 3626 suo
1356 3572 1458 3626 Pintia-

394 3650 460 3718 pttlo
470 3667 589 3702 romano.
604 3649 693 3705 liano.
947 3671 999 3706 nus
1013 3650 1097 3717 vidit,
1111 3653 1256 3706 Comilrcnis
1269 3653 1347 3706 rebus.
1358 3652 1462 3705 Plinius

438 3747 482 3799 ¹7·
493 3727 607 3782 Gracchi.
615 3731 745 3784 Asconius
756 3729 902 3794 Pedianus,
946 3732 1013 3802 ipsc,
1026 3732 1074 3784 tib.
1087 3735 1133 3796 lt,
1145 3751 1203 3803 cap.
1218 3733 1251 3786 52
1261 3771 1270 3796 ‚
1281 3751 1311 3804 p.
1328 3749 1393 3795 roo,
1410 3758 1421 3778 ι
1434 3732 1463 3783 ἰιι

395 3807 423 3860 in
439 3810 531 3862 Divin.
550 3828 577 3878 p.
596 3815 630 3879 47
645 3828 652 3862 :
670 3811 899 3868 «TiGraccbus.
947 3812 1102 3864 Catilinsuis
1127 3812 1281 3882 prodigiis·
1308 3811 1383 3864 dixit.
1409 3811 1463 3862 Hic

393 3887 498 3959 inquit,
516 3889 599 3958 legem
621 3890 731 3955 tulerat,
752 3904 783 3946 ut
800 3891 903 3961 equites
946 3909 1009 3942 vero
1033 3890 1097 3944 editi
1123 3890 1157 3943 ad
1179 3893 1251 3943 huuc
1273 3889 1346 3942 diem
1380 3891 1462 3944 libri.

395 3967 497 4020 romani
521 3968 690 4038 judicarent:
711 3969 903 4040 ¹judicaverunt
951 3996 962 4016 ι
977 3982 1096 4023 senatum
1111 3971 1135 4021 ei
1151 3971 1336 4032 conciliaus,·
1354 3988 1469 4038 expuo·-

395 4063 443 4112 per
462 4066 544 4099 annos
562 4048 610 4099 Xll
630 4048 686 4100 sine
706 4049 823 4102 infamia.
841 4051 905 4101 Post
947 4062 987 4101 cta
1004 4068 1068 4101 voce
1089 4049 1172 4115 rebus,
1192 4049 1293 4121 adjecta
1309 4048 1391 4100 altera
1413 4046 1462 4099 de·

395 4123 479 4178 victor
489 4126 560 4196 Sylla
573 4127 642 4198 leges
658 4128 769 4188 tulerat,
786 4140 816 4182 ut
829 4147 904 4180 aena·
947 4127 1011 4181 inde
1020 4142 1143 4190 unctam
1154 4130 1264 4199 reliquis
1274 4128 1389 4180 omuino
1403 4145 1466 4178 eor-

394 4204 477 4255 torius
491 4204 558 4257 ordo
571 4205 719 4275 judicaret,
736 4221 762 4260 at
776 4206 903 4278 judicavit
948 4208 1042 4278 ruptis.
1054 4210 1146 4262 Hiar».
