3100 5125
341 463 433 563 596·
615 466 654 533 c.
678 462 850 534 aaran
871 464 978 533 «aar.
1005 463 1128 532 nise.
1154 441 1157 448 ’

338 604 375 670 in
393 598 515 670 calatis
536 621 589 665 ara
606 609 640 664 ct
655 595 797 690 ingenia.
818 597 1072 666 Murrhinorum
1088 609 1122 664 et
1140 591 1407 690 crystallinorum

322 773 326 781 ,
341 707 482 776 diximus
503 698 640 798 gratiam
658 726 666 767 ε
688 701 842 786 uniones,
860 700 949 796 quod
973 699 1100 795 capitc⁹
1116 701 1408 786 circumferuntur,

341 835 479 907 gemmea
495 808 604 902 digitis
623 832 630 874 ε
652 807 687 874 in
705 805 857 876 omnibus
877 807 1017 901 denique
1036 805 1106 875 aliis
1118 806 1214 875 'vitiis
1228 807 1408 876 ostentatio

342 931 400 985 aut
411 940 489 984 usus
503 912 630 1006 placet:
645 913 679 979 in
689 914 829 981 succinis
844 911 1035 982 deliciarum
1050 926 1179 980 tantum
1195 913 1407 981 conscientia.

309 1039 325 1094 3
344 1022 509 1091 Domitius
533 1021 623 1086 Nero
632 1015 656 1041 ¹⁰
681 1018 861 1088 incaeteris
885 1020 961 1086 vitae
982 1041 1049 1086 suae
1069 1019 1244 1112 portentis,
1273 1014 1408 1111 capillos

342 1149 475 1221 quoquc
494 1122 644 1218 conjugis
661 1148 727 1193 suae
745 1125 894 1217 Poppaeae
908 1125 941 1191 in
954 1123 1020 1193 hoc
1035 1144 1156 1191 nomen
1174 1121 1408 1216 adoptaverat,

342 1231 485 1327 quodam
508 1230 608 1298 ctiam
630 1230 776 1297 carmine
796 1231 929 1298 succina
950 1221 1157 1322 appellando.
1188 1229 1231 1296 Et
1252 1229 1408 1322 quoniam

342 1336 442 1407 nullis
457 1337 543 1405 vitiis
557 1334 677 1403 desunt
691 1335 834 1427 pretiosa
848 1336 1004 1422 nomina,
1026 1359 1066 1402 ex
1084 1357 1123 1402 eo
1138 1335 1255 1402 tertius
1273 1331 1408 1426 quidam

342 1443 399 1512 hic
421 1438 543 1510 colos¹¹
566 1441 668 1532 coepit
688 1441 796 1532 expeti
817 1464 837 1507 a
859 1441 1026 1509 matronis.
1058 1442 1148 1509 Usus
1168 1453 1282 1508 tamen
1304 1439 1407 1507 succi·

343 1572 463 1615 norum
483 1546 650 1614 invenitur
668 1542 783 1638 aliquis
797 1546 831 1612 in
846 1545 1009 1635 medicina
1029 1571 1036 1612 :
1058 1544 1197 1614 sednon
1215 1544 1259 1613 ob
1278 1544 1344 1614 hoc
1364 1543 1407 1612 fe-

344 1653 440 1721 minis
450 1650 589 1745 placent.
604 1649 792 1718 Infantibus
802 1649 970 1746 adalligari
979 1649 1113 1720 amuleti
1125 1653 1253 1719 ratione
1266 1648 1407 1744 prodest

344 1756 550 1828 Callistratus
565 1769 598 1823 et
618 1756 815 1849 cuicumque
828 1758 915 1826 aetati
932 1771 1047 1852 contra
1058 1754 1302 1851 lymphationes
1312 1755 1406 1850 prod·

272 1875 275 1880 '
344 1888 415 1934 esse
427 1861 541 1946 tradit,
555 1874 588 1929 et
598 1863 702 1929 urinae
712 1860 960 1931 difficultatibus
975 1877 1107 1957 potum,
1121 1860 1407 1956 adalligatumque.

344 1970 408 2039 Hic
427 1982 461 2037 et
480 1966 702 2048 differentiam
728 1991 849 2036 novam
868 1966 995 2052 attulit,
1022 1966 1219 2062 appellando
1246 1965 1407 2060 chrysele-

345 2073 564 2167 etrum,quasi
573 2070 692 2142 coloris
700 2071 830 2162 aurci¹²,
841 2089 874 2142 et
885 2075 1046 2142 matutino
1057 2065 1230 2168 gratissimi
1241 2087 1407 2167 aspectio,

346 2181 596 2275 rapacissimum
620 2179 763 2273 ignium,
787 2195 821 2249 et
847 2181 874 2249 si
888 2180 982 2272 juxta
1000 2179 1138 2264 fuerint,
1163 2177 1335 2249 celerrime
1360 2203 1408 2247 ar·

311 2286 493 2368 adescens.
519 2288 593 2353 Hoc
611 2283 696 2353 collo
714 2283 942 2379 adalligatum,
963 2284 1085 2354 mederi
1105 2285 1251 2354 febribus
1268 2299 1304 2353 et
1322 2309 1409 2352 mor·

346 2393 397 2460 bis
419 2416 427 2458 τ
454 2392 567 2459 tritum
589 2414 664 2458 cum
693 2388 790 2478 melle
813 2415 852 2460 ac
872 2415 1024 2476 rosaceo,
1050 2392 1179 2459 aurium
1199 2392 1310 2460 vitiis:
1332 2389 1409 2459 etsi

347 2522 422 2568 cum
442 2494 537 2566 melle
558 2497 670 2565 Attico
691 2510 899 2583 conteratur,
922 2496 1094 2566 oculorum
1116 2521 1248 2592 quoquc
1266 2495 1409 2566 obscuri·

348 2602 478 2672 tatibus.
490 2602 659 2671 Stomachi
667 2605 766 2671 etiam
775 2588 888 2671 vitiis¹³
898 2602 949 2672 vcl
962 2628 1020 2697 per
1032 2629 1066 2673 se
1074 2603 1178 2672 farina
1190 2604 1260 2697 ejus
1270 2616 1408 2697 sumpta,

347 2706 400 2777 vel
418 2733 495 2777 cum
516 2706 674 2776 mastiche
692 2733 733 2776 ex
754 2732 840 2802 aqua
861 2723 948 2803 pota.
975 2711 1114 2778 Succina
1138 2712 1238 2779 ctiam
1257 2710 1408 2804 gemmis,

348 2838 421 2909 quae
441 2826 518 2882 sunt
536 2811 763 2896 translucidae,
784 2813 1006 2884 adulterandis
1027 2839 1185 2908 magnum
1211 2814 1338 2883 habent
1362 2811 1408 2881 lo-

348 2943 438 3001 cum,
448 2919 589 2988 maxime
605 2919 812 3013 amethystis,
822 2945 924 3014 quum
940 2922 1042 3003 omni,
1052 2934 1088 2988 ut
1101 2920 1242 2989 diximus
1253 2908 1289 3003 ¹⁴,
1304 2917 1410 2987 colora

350 3028 529 3119 tingantur.

317 3175 329 3207 ι
402 3133 500 3199 XIII.
526 3133 578 3200 Dc
598 3130 761 3225 lyncurioi
774 3132 923 3224 proxime
943 3131 1008 3202 dici
1031 3133 1120 3227 cogit
1140 3146 1315 3201 auctorum
1339 3156 1409 3227 per·

391 3317 417 3366 9.
427 3296 501 3367 Quod
507 3299 796 3367 capitccircumseruntur.
807 3300 859 3351 Au·
903 3298 979 3359 deus,
997 3300 1043 3352 lib.
1059 3298 1094 3351 dc
1105 3298 1201 3372 Lepid.
1215 3313 1283 3372 pret.
1298 3319 1356 3373 cap.
1371 3318 1411 3370 17.

348 3376 423 3429 ribue
434 3374 565 3429 videlicet.
577 3376 667 3429 Hanc.
903 3379 939 3431 Η.
956 3408 992 3421 —·
1009 3378 1205 3449 chryselectrum.
1227 3382 1287 3434 Hoc
1309 3381 1411 3452 chryse·

392 3473 434 3507 ro.
450 3456 573 3507 Domidas
592 3456 668 3510 Nem.
677 3454 747 3509 Vide
759 3459 859 3510 Aucto·
902 3458 1013 3511 lectrum
1028 3476 1109 3512 aureo
1119 3460 1209 3517 colore
1221 3473 1361 3530 prestans,
1375 3471 1412 3513 est

349 3554 409 3588 rum
421 3532 550 3591 Iudicem.
565 3534 598 3587 Η.
609 3532 761 3588 -Suceim
780 3537 859 3608 appel·
902 3536 1060 3606 hyacinthus
1069 3556 1099 3591 ex
1108 3539 1170 3591 elbo
1177 3538 1329 3604 fliveaeens,
1336 3540 1412 3611 l'lrse-

350 3614 432 3667 lenda
446 3614 519 3666 Brot.
529 3632 562 3666 cx
572 3614 654 3685 Regg.
666 3613 741 3667 MSS.
755 3627 783 3667 et
794 3615 858 3669 edit.
902 3617 981 3668 ce'ntlie
990 3616 1051 3669 d'un
1064 3617 1135 3670 blanc
1143 3616 1270 3689 jaundtre.
1282 3619 1365 3671 Buce.
1375 3646 1411 3663 -

350 3692 473 3764 principe
484 3694 590 3743 succinos
600 3694 688 3763 appell.
701 3693 752 3746 Eo.
905 3694 1045 3748 (iratissimi
1071 3710 1187 3767 mpectus.
1212 3698 1298 3752 Gron.
1320 3710 1348 3751 et
1371 3696 1411 3750 Al.

394 3790 435 3825 ιι.
449 3772 543 3823 Tertiru
553 3771 649 3841 quidem
659 3772 699 3823 ler'e
711 3772 784 3824 colos.
797 3773 860 3825 Post
903 3786 963 3827 ente
975 3774 1058 3829 ilerd.
1074 3780 1213 3846 gmtksimo
1225 3789 1331 3847 aspecta.
1347 3778 1398 3830 Eu.

349 3868 457 3915 numm,
479 3862 505 3902 et
528 3849 657 3903 uniones:
679 3869 738 3922 que
760 3851 860 3923 pariter
894 3857 912 3899 δ
947 3852 1125 3908 13.Stomeclu'
1134 3860 1205 3909 etiam
1217 3860 1296 3910 odiis.
1308 3854 1340 3909 Id
1351 3872 1411 3927 quo

350 3942 477 3983 matrone
487 3940 598 3999 gestant.
609 3930 698 3982 liano.
903 3950 955 4003 que
964 3932 997 3987 de
1006 3952 1054 3986 suo
1065 3935 1162 3988 electro
1171 3940 1341 4007 πτιρυγοᾳόρῳ
1354 3935 1412 3987 Dio·
1528 3954 1529 3991 Τ

394 4026 437 4061 ra.
450 4008 717 4080 Ciryeeleetrumgaasi
723 4010 809 4061 coloris
819 4030 860 4063 aa
903 4011 1035 4078 semidea,
1049 4014 1095 4066 lib.
1106 4016 1148 4079 11,
1159 4032 1218 4085 cap.
1229 4033 1289 4067 roo.
1302 4016 1392 4068 Hono.
1528 3994 1529 4035 l

351 4088 394 4139 ni.
406 4086 468 4139 Hoc
479 4084 572 4139 iisdem
585 4088 638 4140 fere
648 4090 736 4141 verbis
750 4088 858 4142 Morbo·
946 4098 990 4155 14.
1005 4092 1157 4147 Uedutnas.
1169 4095 1229 4148 Hoc
1240 4094 1300 4165 ipw
1310 4112 1369 4165 cap.
1378 4092 1410 4144 fl.
