3100 5125
490 585 650 653 nrnnn
681 585 841 654 xxxv.
1124 591 1191 692 307

132 716 270 785 infectos
283 703 493 784 effoderent
508 720 703 811 Importuna
722 718 793 788 hoec
811 721 922 788 omnia
937 745 976 790 ac
990 725 1124 795 novitia.
1142 729 1194 797 Fit

131 824 269 891 enimet
288 819 426 916 iuligine
444 820 594 917 pluribus
611 823 717 892 modis
727 810 750 909 ⁵,
771 827 878 894 resina
895 825 948 895 vel
970 830 1042 922 pice
1062 835 1193 903 exustis.

132 929 271 1020 Propter
297 927 388 1020 quod
413 928 564 997 officinas
586 931 685 997 etiam
707 929 930 1017 aedificavere,
962 933 1091 1006 fumum
1117 962 1194 1008 eum

95 1055 103 1067 ·
131 1056 197 1101 non
215 1034 414 1103 emittentes.
435 1022 713 1104 Laudatissimum
728 1035 844 1104 eodem
863 1037 963 1107 modo
985 1040 1024 1109 lit
1045 1027 1084 1111 e⁶
1102 1043 1194 1114 tedis.

131 1137 347 1208 Adulteratur
378 1138 551 1215 fornacum
581 1137 851 1236 balinearumque
874 1141 1030 1237 fuligine,
1057 1173 1125 1241 quo
1154 1150 1196 1219 ad

132 1242 301 1313 volumina
319 1245 490 1314 scribenda
509 1260 657 1314 utuntur.
673 1249 759 1316 Sunt
776 1249 833 1340 qui
848 1251 964 1318 etvini
981 1252 1114 1322 saecem²
1129 1255 1193 1325 sic·
1254 1239 1257 1244 Ι

132 1364 238 1418 catam
266 1365 480 1444 excoquant:
505 1350 757 1447 affirmatque,
788 1355 814 1421 si
838 1377 878 1422 ex
908 1354 997 1426 bono
1025 1361 1103 1430 vino
1135 1361 1198 1430 faex

132 1454 358 1542 luerit,1ndici
371 1444 570 1550 speciem⁸id
587 1471 809 1528 atramentum
824 1460 983 1553 praebere.
996 1463 1197 1560 Polygnotus
1216 1505 1230 1539 ι

132 1576 164 1630 et
175 1565 296 1632 Micon
313 1561 517 1631 celeberrimi
531 1565 676 1657 pictores
693 1564 852 1652 Athenis,
868 1590 887 1634 e
907 1568 1050 1639 vinaceis
1066 1569 1195 1641 fecere:

132 1669 285 1761 tryginon
300 1667 644 1765 appellanthApellcs
659 1685 867 1740 commentus
876 1687 976 1742 estex
987 1676 1087 1744 ebore
1100 1703 1195 1748 com·

131 1773 259 1842 busto¹⁰
288 1774 415 1859 facere,
437 1774 529 1869 quod
552 1773 802 1869 elephantinum
816 1765 966 1848 'vocavit
991 1785 1197 1876 Apportatur

131 1894 164 1948 et
172 1879 326 1950 indicum
339 1905 379 1948 ex
388 1879 526 1967 lndia'¹‚
541 1879 753 1975 inexploratae
768 1882 880 1951 adhuc
890 1879 1090 1958 inventionis
1106 1891 1196 1958 mihi.

168 2079 196 2132 Δ.
222 2071 347 2126 carlom
368 2070 468 2135 insector
495 2069 639 2134 effoderent.
683 2069 842 2133 inducetur,
881 2089 1009 2144 perquam
1055 2083 1198 2134 atramenti

132 2153 269 2208 Carbones
284 2167 348 2204 curu
370 2148 505 2201 cineribus
525 2149 577 2200 nati
598 2167 642 2200 ra·
683 2167 790 2203 suavem
811 2149 909 2203 efficiet
929 2153 1072 2210 colorem:
1094 2170 1120 2211 et
1141 2177 1195 2230 qno

130 2231 232 2286 dareris
247 2231 277 2282 in
289 2246 385 2282 urnam
397 2230 537 2297 conjectos.
555 2229 622 2282 Dar..
683 2231 765 2301 magis
783 2248 814 2282 ex
835 2229 945 2283 meliore
959 2233 1022 2285 vino
1042 2237 1195 2305 parabitur,

169 2313 195 2365 ὅ.
216 2312 264 2362 Fu
281 2313 346 2361 eninr
365 2321 390 2359 et
402 2307 512 2376 fetigisse
528 2307 641 2377 pluribus
681 2327 736 2361 non
749 2307 831 2362 modo
844 2312 995 2370 atramenti,
1007 2311 1140 2369 sedetiam
1153 2318 1196 2370 in.

131 2392 213 2444 mdis.
230 2391 295 2443 flea
313 2387 426 2441 totidem
440 2387 528 2440 verbis
548 2387 638 2440 Diosc.
682 2387 736 2440 dici
750 2389 868 2440 colorem
887 2387 963 2441 dabit
985 2391 1123 2446 imitari..
1151 2393 1195 2451 sio

128 2473 163 2534 V,
181 2471 254 2527 1833
272 2467 376 2521 Orihar.
393 2467 474 2529 xltl,
489 2466 509 2519 i.
531 2465 636 2531 230‚1›.
682 2469 781 2538 pariter
794 2465 859 2519 leid.
870 2466 922 2520 loc.
930 2467 977 2540 cit.
992 2469 1086 2525 lirun.

127 2550 192 2605 laid.
203 2549 300 2621 Origg.
314 2548 395 2613 XIX,
410 2566 456 2617 17.
476 2545 563 2599 Multo
574 2546 640 2599 ube·
723 2549 750 2601 8.
764 2545 845 2599 Indici
857 2549 966 2616 speciem.
982 2549 1022 2603 De
1037 2549 1132 2607 Indico
1147 2553 1191 2607 in·

128 2633 181 2685 rius
194 2625 357 2683 conficiendi
377 2625 487 2679 modurn
500 2626 639 2679 Vitruvius
680 2627 764 2680 {erius
774 2642 834 2697 cap.
848 2643 894 2695 ²7·
908 2625 998 2681 uren.

128 2709 411 2780 edocetVll‚1o‚p.
429 2704 638 2769 143.11mctu·
722 2726 748 2774 9.
766 2707 893 2777 Tryginon
912 2708 1044 2776 appellant.
1062 2713 1189 2783 Τρὺγινον,

127 2792 238 2863 liginem
264 2787 350 2841 nostri
369 2786 448 2857 vulgo
469 2796 567 2837 vocant
585 2788 640 2837 noir
681 2786 803 2839 fucatum
816 2803 823 2837 :
838 2801 899 2837 nun
915 2786 1074 2857 rpiifncem
1089 2802 1116 2843 et
1130 2810 1191 2845 mu·

128 2872 256 2938 desudo.
270 2868 306 2921 li.
317 2894 358 2907 ·-
370 2866 481 2917 Fieenim
491 2876 516 2915 et
518 2864 635 2934 fuligine.
680 2877 749 2918 num
762 2875 847 2917 serrat.
861 2864 952 2918 liano.

127 2950 200 3003 Brut.
217 2967 250 3002 ex
265 2946 342 2999 MSS.
358 2946 440 3014 Regg.
457 2943 574 2997 Pintian.
587 2946 638 2997 Da·
724 2961 764 2997 ro.
778 2940 821 2995 lie
829 2944 899 2995 ebore
907 2944 1037 2998 combusto.
1047 2946 1134 3020 Atque
1145 2950 1190 3005 hic

127 3030 175 3085 lec.
185 3042 239 3083 etc.
246 3027 285 3096 fit
299 3029 360 3078 enim
373 3046 387 3076 e
393 3024 510 3092 fuligine.
529 3022 570 3075 Ex
588 3023 639 3075 hac
679 3024 826 3078 etiamnum
848 3042 906 3077 mos
922 3036 960 3077 est
977 3025 1125 3094 pictoribus
1142 3050 1190 3084 no·

128 3120 307 3163 atramentum
323 3102 404 3157 hodie
422 3101 562 3156 coniicitur
578 3102 638 3155 oleo
680 3104 739 3156 stris
753 3125 759 3155 ε
773 3120 861 3174 neque
876 3120 907 3157 ex
922 3103 1005 3157 ebore
1018 3117 1121 3161 tantum
1136 3128 1191 3164 cre·

128 3200 318 3260 temperatum,
329 3182 405 3255 quod
415 3180 638 3253 typographicam
681 3196 753 3237 mato
763 3196 868 3253 parunt,
879 3180 926 3236 sed
940 3195 966 3235 et
977 3201 1009 3237 ex
1019 3186 1122 3241 ossibus
1133 3206 1191 3259 per·

127 3266 319 3323 mantnano
329 3282 393 3316 reru
405 3264 559 3321 mixturam,
570 3261 639 3315 nicut
681 3262 798 3317 nieorum
812 3262 885 3316 ustis.
897 3260 986 3315 lirun.

126 3362 153 3401 et
167 3361 254 3402 artem
272 3342 510 3416 typographicam,
531 3340 638 3413 antiqui
724 3360 769 3397 rr.
784 3343 938 3411 Apportatur
948 3353 973 3393 er
988 3343 1097 3397 Indicum
1110 3350 1191 3401 eelo-

126 3445 236 3498 pronur
247 3427 413 3495 ignoravere.
426 3420 478 3473 En.
680 3421 732 3473 dra.
746 3421 935 3475 Atramentum
951 3420 1061 3485 scilicet,
1077 3436 1131 3478 tam
1143 3446 1191 3481 no·

166 3503 413 3562 cerdaniae„
426 3498 534 3552 loceit.
549 3495 638 3570 letiq-
680 3500 722 3553 bis
743 3499 891 3571 hodieque,
915 3517 995 3570 qnam
1015 3503 1103 3557 Plinio
1125 3507 1191 3561 olim

126 3582 196 3641 tter.
211 3579 488 3639 Gmmeesearborie
502 3579 589 3648 picem
603 3580 639 3632 le-
680 3579 811 3650 ignotum.
835 3582 869 3633 At
899 3596 953 3631 nun
976 3581 1062 3636 Leoni
1078 3585 1191 3653 allatio,

125 3666 208 3720 rentis
219 3662 309 3717 tedam
319 3674 394 3714 antea
403 3657 528 3711 diximus.
544 3658 579 3711 Η.
681 3660 728 3730 qui
736 3676 819 3730 penes
834 3678 860 3713 ee
870 3658 991 3711 habuisse
1004 3673 1114 3717 testatur
1124 3678 1193 3743 atm-

167 3762 195 3815 7.
210 3744 274 3797 Sunt
285 3745 328 3814 qut
336 3752 360 3791 et
372 3738 524 3804 uinisoecem.
538 3738 581 3791 Fit
589 3738 637 3790 ho·
680 3749 801 3792 mentum
809 3738 917 3791 eSinica
924 3739 1032 3809 regione
1042 3740 1192 3810 advectum,

125 3824 224 3895 dieque
246 3836 274 3877 et
295 3823 333 3873 sic
354 3838 370 3872 a
387 3818 537 3888 pictoribus
551 3817 638 3882 Italis,
681 3816 1191 3890 nigerrimum,lucidiseimnmque,rerl

125 3918 184 3958 nata
202 3903 260 3956 vini
276 3901 359 3963 iace,
373 3914 453 3969 quem
473 3895 492 3949 ii
508 3898 595 3949 Feccio
611 3896 640 3949 di
681 3897 855 3968 inexplorate
869 3896 919 3949 sibi
930 3899 1149 3970 praeparationis,
1162 3916 1193 3957 ut

125 3985 188 4037 lette
209 3992 316 4035 vocant.
325 3976 483 4041 Vitruvius,
499 3977 571 4042 vll,
589 3994 637 4041 ro,
681 3976 738 4047 ipae
749 3977 786 4029 ait
796 3976 823 4029 in
835 3978 926 4029 Anim.
940 3976 973 4029 ed
984 3978 1076 4049 Antiq.
1088 3979 1194 4037 Etruec.

124 4083 150 4133 p,
167 4067 225 4125 ιζ(
239 4080 246 4114 :
262 4083 275 4109 e
288 4058 351 4124 Nuq
368 4058 457 4113 miuus
472 4055 494 4107 sl
512 4054 562 4108 lex
580 4056 637 4110 riui
682 4074 711 4108 n.
723 4074 770 4125 79,
785 4074 812 4126 p.
824 4061 886 4120 144.
894 4056 1010 4109 Plinium
1021 4057 1102 4127 igitur
1113 4060 1194 4118 sum.

124 4137 411 4207 mammonam
423 4135 637 4199 imminerit,
683 4136 779 4188 frustra
794 4135 915 4205 coarguit
934 4135 962 4187 in
982 4137 1064 4191 Solin.
1083 4157 1111 4210 p.
1128 4138 1195 4197 255.

125 4233 150 4274 et
160 4237 193 4277 ea
202 4219 389 4277 contritacnm
401 4215 506 4288 glutine
515 4216 542 4267 in
554 4231 639 4287 opere
683 4212 717 4266 ll.
733 4244 773 4258 -
784 4215 941 4285 Appon-eatur
952 4226 977 4266 et
989 4216 1098 4271 Indicum
1108 4241 1139 4273 ee
1151 4223 1196 4275 ln·

1038 4325 1100 4383 20²
