3100 5125
403 525 472 597 boo
671 528 709 594 C.
735 525 899 595 PLINII
924 527 1029 594 NAT.
1056 528 1184 594 HIST.

399 657 558 728 Sublicio'
573 655 758 752 religiosum
790 671 858 752 est,
895 672 1106 752 posteaquam
1138 656 1262 728 Coclite
1272 657 1295 682 ¹⁰
1317 661 1454 728 Horatio

398 763 593 833 defendente
614 786 701 856 aegre
718 762 948 834 oevutsusest.

366 901 376 930 ι
449 871 573 937 XXIV.
606 871 732 937 Verum
752 883 786 936 et
808 867 849 936 ad
875 869 976 938 Urbis
998 867 1297 939 nostre-miracula
1318 870 1454 938 transire

396 975 589 1059 conveniat,
617 974 943 1068 nongentorumque¹
975 974 1288 1044 annorum-dociles
1317 977 1453 1044 scrutati

396 1083 498 1163 vires,
518 1094 551 1148 et
573 1080 619 1148 sic
640 1104 772 1173 quoque
793 1092 953 1148 terrarum
976 1080 1089 1148 orbem
1112 1081 1234 1149 victum
1256 1079 1452 1148 ostendere:

394 1185 485 1278 quod
498 1185 654 1255 accidisse
668 1187 764 1253 toties
783 1209 893 1278 paene,
913 1199 994 1279 quot
1008 1185 1191 1256 referentur
1205 1183 1384 1271 miracula,
1404 1210 1455 1278 ap

394 1292 542 1384 parebit:
557 1291 771 1359 universitate
784 1315 863 1359 vero
877 1305 1046 1373 acervata,
1061 1305 1095 1360 et
1114 1293 1146 1360 in
1159 1290 1335 1384 quemdam
1353 1315 1452 1358 unum

394 1395 562 1464 cumulum
581 1397 750 1489 conjecta,
774 1395 923 1465 nonalia
945 1397 1138 1489 magnitudo
1160 1399 1329 1491 exsurgit,
1353 1419 1452 1488 quam

393 1504 420 1569 si
435 1501 578 1590 mundus
592 1501 673 1570 alius
692 1500 825 1594 quidam
843 1504 876 1570 in
898 1527 966 1570 uuo
988 1501 1061 1571 loco
1078 1517 1276 1570 narraretur.

360 1642 374 1675 ι
446 1608 532 1676 Nam
548 1622 587 1676 ut
604 1609 729 1676 circum
746 1609 925 1676 maximum
946 1631 965 1675 a
983 1605 1133 1678 Caesare²
1155 1607 1315 1676 dictatore
1334 1621 1454 1676 exstru-

393 1727 483 1782 ctum
503 1711 707 1806 longitudine
724 1713 905 1781 stadiorum
924 1715 1021 1781 trium
1032 1699 1056 1798 ³,
1075 1712 1244 1782 latitudine
1262 1714 1379 1797 unius,
1399 1713 1453 1781 sed

393 1843 471 1887 cum
488 1817 633 1886 aedificiis
651 1819 806 1913 jugerum
829 1805 1058 1912 quatemuml,
1080 1819 1121 1886 ad
1144 1818 1254 1887 sedem
1274 1841 1364 1888 ccnx
1386 1817 1468 1886 mit·

393 1911 494 1992 lium⁵
507 1925 593 1992 inter
606 1947 728 2017 magna
745 1948 847 2018 opera
861 1922 1024 2011 dicamus,
1037 1948 1147 1993 nonne
1163 1911 1265 1994 inter⁶
1280 1924 1451 2018 magnifica

392 2089 464 2140 enim
477 2088 612 2140 Formiani
631 2107 660 2140 ea
680 2089 748 2158 tigna
762 2106 901 2160 nuncupa·
946 2107 1025 2141 suum
1041 2108 1163 2142 cccnxxv.
1183 2089 1251 2142 Nam
1270 2088 1400 2154 stadium,
1414 2091 1450 2142 in·

389 2165 751 2222 bautductorFestustem
761 2167 902 2233 roboreus,
946 2167 1004 2238 quit
1025 2169 1140 2233 Plinius,
1162 2170 1210 2233 11,
1236 2186 1291 2232 st,
1317 2195 1329 2216 ·
1346 2182 1450 2222 centum

392 2247 532 2299 ambiunt
542 2247 650 2299 materia
661 2244 747 2313 dictus
758 2245 839 2300 Ovid.
852 2248 901 2300 Fa·
945 2245 1038 2317 viginti
1053 2247 1171 2317 quinque
1180 2259 1284 2300 nostros
1294 2248 1379 2301 efficit
1397 2268 1452 2319 pas-

392 2337 455 2378 stor.
471 2326 506 2390 V,
520 2329 574 2378 6²²
585 2363 593 2388 ,
606 2343 688 2395 quare
709 2336 736 2376 et
752 2325 844 2387 ξυλίνην
861 2329 901 2397 qt·
946 2343 1019 2377 suu·
1036 2325 1126 2378 Hano.

392 2423 466 2475 pupas
482 2404 638 2456 Plutarchus
651 2402 765 2473 appellat
778 2405 805 2455 in
817 2405 900 2458 Grac·
987 2410 1013 2466 4.
1035 2404 1150 2474 Iugerum
1173 2415 1323 2474 quaternum.
1347 2405 1450 2476 Singula

392 2483 457 2536 obis.
475 2483 598 2535 AEmilius
615 2501 721 2553 quoque
734 2484 764 2535 P.
777 2483 900 2549 Victori,
942 2482 1073 2553 jugeraex
1083 2481 1176 2536 eodem
1184 2482 1342 2548 Plinio,lib.
1351 2485 1450 2548 XVIII,

391 2564 420 2614 in
434 2559 611 2632 descriptione
624 2564 728 2625 Romu,
747 2588 758 2609 ι
772 2562 842 2616 Pons
856 2568 901 2617 ΛΕ-
944 2580 1003 2633 cap.
1021 2561 1053 2625 3,
1066 2561 1147 2633 pedes
1158 2564 1294 2616 continent
1307 2582 1382 2616 ccxi..
1397 2566 1431 2617 tt.

392 2641 491 2707 milius‚
515 2641 635 2712 quiante
656 2641 790 2695 sublicius.
802 2669 812 2689 ι
830 2644 900 2695 Dum
986 2640 1150 2694 5.Adsedem
1163 2641 1262 2695 CCLX
1269 2644 1378 2693 mlllium.
1389 2646 1449 2713 Reg.

391 2722 525 2784 trabibus,
537 2721 592 2775 sive
606 2722 713 2774 sublicis
723 2722 781 2774 siue
792 2740 842 2772 sere
856 2734 901 2774 nut
947 2738 960 2773 s
977 2733 1002 2774 et
1016 2722 1094 2773 Colb.
1110 2720 1144 2785 3,
1159 2740 1188 2773 ac
1202 2734 1276 2773 vetus
1289 2722 1450 2792 Delecampii

392 2801 463 2853 ferro
478 2800 563 2863 stetit,
577 2800 619 2852 vel
640 2801 744 2852 clavum
763 2799 787 2851 ei
804 2797 900 2853 addere
943 2798 999 2851 cci..
1014 2800 1050 2851 At
1063 2801 1093 2851 P.
1105 2800 1201 2853 Victor
1214 2800 1241 2852 in
1255 2799 1341 2853 deser.
1354 2802 1449 2867 Rome,

392 2880 513 2948 religioni
520 2878 571 2931 luit
581 2898 588 2930 ε
598 2897 680 2948 quere
687 2896 754 2948 pons
763 2895 835 2930 sacer
842 2890 899 2930 tum
943 2877 1051 2948 regione
1064 2880 1140 2931 uirbis
1161 2878 1316 2945 undecima,
1338 2908 1350 2929 ι
1360 2882 1448 2934 Circus

391 2958 510 3018 babitus.
524 2970 551 3009 et
565 2957 629 3027 lspbs
639 2961 743 3027 γέφυραν
754 2956 899 3009 crocino-
944 2957 1086 3020 maximus,
1101 2959 1148 3029 qui
1171 2959 1242 3029 capit
1261 2960 1319 3012 loca
1337 2972 1448 3013 trecenta

392 3037 537 3089 minarunt.
552 3036 642 3089 Haan.
883 3092 887 3097 ,
943 3038 1073 3105 octoginta
1097 3038 1357 3109 quinquemillia.»
1375 3038 1449 3093 Certe

436 3134 478 3167 ro.
495 3115 595 3168 Coclite.
615 3113 686 3167 Vide
702 3133 762 3187 que
783 3112 901 3169 diximus
943 3114 1204 3189 Trajauus'quinque
1229 3116 1310 3171 millia
1332 3118 1448 3171 locorum

392 3193 438 3246 lib.
450 3194 580 3255 XXXIV,
592 3212 651 3264 cap.
669 3212 713 3247 tt.
726 3194 816 3247 Haeo.
943 3193 1038 3264 adjecit
1051 3214 1057 3247 :
1075 3196 1143 3249 lorte
1156 3207 1183 3247 et
1196 3196 1240 3248 alii
1257 3198 1344 3266 plura.
1361 3198 1447 3249 Haao.

431 3273 534 3325 XXIV.
547 3272 900 3344 1.Nougeutorumque.Scru·
938 3304 983 3339 ¹-
994 3273 1039 3326 Ad
1045 3275 1121 3325 sedem
1132 3274 1237 3327 CCLX.
1250 3276 1323 3328 Brot.
1334 3296 1365 3329 ex
1376 3276 1448 3328 MSS.

393 3351 443 3403 tari
457 3350 524 3422 quid
537 3354 654 3420 potuerit
666 3353 810 3423 nongentis
825 3352 899 3405 annis
943 3352 1023 3423 Regg.
1037 3366 1064 3405 et
1077 3354 1140 3407 edit.
1163 3355 1301 3425 principe,
1317 3356 1387 3409 CCL
1399 3356 1448 3407 nil-

391 3431 495 3500 ingenii
515 3431 556 3499 sui
576 3431 710 3485 docilitate
728 3432 831 3502 assequi
846 3450 898 3501 po·
943 3431 1008 3485 llum
1022 3432 1075 3485 Eu.

392 3510 470 3580 pulos
484 3528 618 3564 romanus.
635 3512 725 3565 Hann.
734 3512 899 3580 -7Nongen-
985 3514 1012 3562 6.
1024 3510 1226 3581 Intermagmfica
1236 3513 1361 3565 basr'licam
1369 3515 1447 3565 Pauli.

392 3602 522 3659 terruitque.
539 3589 583 3642 Sic
601 3602 626 3643 et
648 3590 710 3642 libri
732 3602 794 3641 ante
815 3589 898 3643 llard.
943 3589 1006 3642 Fuit
1020 3590 1063 3642 liic
1084 3592 1114 3641 L.
1136 3593 1259 3645 AEmilius
1275 3593 1388 3659 Paulus,
1404 3594 1447 3665 qui

391 3668 465 3721 editi.
476 3670 550 3722 Brot.
572 3666 736 3732 emendavit,
752 3672 901 3738 octingento-
944 3669 974 3723 C.
997 3670 1115 3723 Marcelli
1137 3671 1165 3723 in
1187 3672 1324 3725 consulatu
1339 3674 1448 3743 collega,

392 3750 559 3819 rumqueEn.
943 3766 1012 3801 anno
1031 3750 1113 3801 Urbis
1129 3750 1196 3817 703,
1220 3750 1248 3802 iu
1269 3751 1360 3803 medio
1376 3754 1446 3815 loro,

433 3847 459 3879 a.
478 3829 504 3878 A
528 3826 633 3879 coesaoe.
655 3826 825 3895 Designatum
844 3828 898 3896 jam
943 3840 973 3879 ut
983 3826 1088 3897 quidem
1104 3829 1195 3880 scribit
1209 3830 1304 3881 Cicero
1318 3829 1353 3882 ad
1370 3832 1446 3883 Attio.

391 3905 455 3957 olim
468 3924 482 3956 a
495 3904 641 3975 Tarquinio
661 3904 750 3956 Prisco
764 3906 899 3959 Romano·
943 3905 991 3959 lib.
1009 3906 1059 3971 lV,
1076 3926 1118 3978 ep.
1139 3912 1190 3971 16,
1205 3908 1340 3961 basilicam
1355 3928 1446 3960 novam

391 4001 450 4035 rum
463 4001 525 4053 rege
545 3985 613 4037 iuter
628 3983 793 4037 Aventinum
809 3996 836 4035 et
849 3984 898 4037 Pa·
942 3985 1225 4056 magnificentissimam
1247 3990 1385 4040 exstruxit.
1399 3988 1447 4039 Ex-

390 4062 492 4115 latium.
506 4063 597 4114 Ilann.
942 4076 993 4117 stat
1007 4064 1086 4135 liujus
1096 4066 1196 4135 insigne
1208 4065 1445 4119 mouumentomin

431 4140 456 4193 3.
471 4140 608 4193 Studiorum
620 4144 699 4192 trium.
710 4142 768 4194 Hoc
782 4152 832 4205 est,
842 4160 898 4212 pas·
943 4160 1054 4196 nummo
1061 4145 1446 4215 veteregentisAEmiliae,quem
