<?xml version="1.0" encoding="UTF-8"?>
<!DOCTYPE html PUBLIC "-//W3C//DTD XHTML 1.0 Transitional//EN"
    "http://www.w3.org/TR/xhtml1/DTD/xhtml1-transitional.dtd">
<html xmlns="http://www.w3.org/1999/xhtml" xml:lang="en" lang="en">
 <head>
  <title>
</title>
<meta http-equiv="Content-Type" content="text/html;charset=utf-8" />
  <meta name='ocr-system' content='tesseract 3.04.00' />
  <meta name='ocr-capabilities' content='ocr_page ocr_carea ocr_par ocr_line ocrx_word'/>
</head>
<body>
  <div class='ocr_page' id='page_1' title='image "./caiipliniisecun00hardgoog_0581.png"; bbox 0 0 3100 5125; ppageno 0'>
   <div class='ocr_carea' id='block_1_1' title="bbox 452 474 1185 624">
    <p class='ocr_par' dir='ltr' id='par_1_1' title="bbox 452 474 1185 624">
     <span class='ocr_line' id='line_1_1' title="bbox 452 474 1185 624; baseline 0.004 -28"><span class='ocrx_word' id='word_1_1' title='bbox 452 527 612 598; x_wconf 72' lang='lat' dir='ltr'>sisne</span> <span class='ocrx_word' id='word_1_2' title='bbox 636 474 844 598; x_wconf 75' lang='lat' dir='ltr'>xxxiiii.</span> <span class='ocrx_word' id='word_1_3' title='bbox 1115 525 1185 624; x_wconf 80' lang='lat'>573</span> 
     </span>
    </p>
   </div>
   <div class='ocr_carea' id='block_1_2' title="bbox 69 645 1224 1602">
    <p class='ocr_par' dir='ltr' id='par_1_2' title="bbox 69 645 1224 1602">
     <span class='ocr_line' id='line_1_2' title="bbox 120 645 1185 757; baseline -0.003 -24"><span class='ocrx_word' id='word_1_4' title='bbox 120 665 148 733; x_wconf 92' lang='lat' dir='ltr'>si</span> <span class='ocrx_word' id='word_1_5' title='bbox 161 659 412 757; x_wconf 78' lang='lat' dir='ltr'>primavictoria</span> <span class='ocrx_word' id='word_1_6' title='bbox 421 645 445 690; x_wconf 78' lang='lat'>&#39;⁴</span> <span class='ocrx_word' id='word_1_7' title='bbox 461 661 508 729; x_wconf 89' lang='lat' dir='ltr'>sic</span> <span class='ocrx_word' id='word_1_8' title='bbox 522 659 769 754; x_wconf 83' lang='lat' dir='ltr'>triumphasses.</span> <span class='ocrx_word' id='word_1_9' title='bbox 784 663 816 728; x_wconf 91' lang='lat' dir='ltr'><strong>E</strong></span> <span class='ocrx_word' id='word_1_10' title='bbox 827 659 1030 754; x_wconf 76' lang='lat' dir='ltr'><strong>margaritis,</strong></span> <span class='ocrx_word' id='word_1_11' title='bbox 1044 662 1185 756; x_wconf 81' lang='lat' dir='ltr'>Magne,</span> 
     </span>
     <span class='ocr_line' id='line_1_3' title="bbox 121 751 1185 860; baseline -0.001 -22"><span class='ocrx_word' id='word_1_12' title='bbox 121 785 185 838; x_wconf 78' lang='lat' dir='ltr'>tom</span> <span class='ocrx_word' id='word_1_13' title='bbox 204 763 342 860; x_wconf 84' lang='lat' dir='ltr'>prodiga</span> <span class='ocrx_word' id='word_1_14' title='bbox 362 789 418 851; x_wconf 89' lang='lat' dir='ltr'>re,</span> <span class='ocrx_word' id='word_1_15' title='bbox 442 780 475 834; x_wconf 87' lang='lat' dir='ltr'>et</span> <span class='ocrx_word' id='word_1_16' title='bbox 495 765 624 835; x_wconf 88' lang='lat' dir='ltr'>feminis</span> <span class='ocrx_word' id='word_1_17' title='bbox 645 751 930 860; x_wconf 81' lang='lat' dir='ltr'>repertn¹⁵,qunm</span> <span class='ocrx_word' id='word_1_18' title='bbox 951 790 1065 859; x_wconf 83' lang='lat' dir='ltr'>gerere</span> <span class='ocrx_word' id='word_1_19' title='bbox 1086 781 1118 836; x_wconf 92' lang='lat' dir='ltr'>te</span> <span class='ocrx_word' id='word_1_20' title='bbox 1137 768 1185 837; x_wconf 84' lang='lat' dir='ltr'>fas</span> 
     </span>
     <span class='ocr_line' id='line_1_4' title="bbox 69 869 1186 964; baseline 0 -22"><span class='ocrx_word' id='word_1_21' title='bbox 69 877 73 885; x_wconf 87' lang='lat'>&#39;</span> <span class='ocrx_word' id='word_1_22' title='bbox 119 869 261 957; x_wconf 86' lang='lat' dir='ltr'>nonsit,</span> <span class='ocrx_word' id='word_1_23' title='bbox 285 872 364 940; x_wconf 88' lang='lat' dir='ltr'>hinc</span> <span class='ocrx_word' id='word_1_24' title='bbox 383 870 456 940; x_wconf 87' lang='lat' dir='ltr'>lieri</span> <span class='ocrx_word' id='word_1_25' title='bbox 478 886 553 942; x_wconf 90' lang='lat' dir='ltr'>tuos</span> <span class='ocrx_word' id='word_1_26' title='bbox 573 869 706 940; x_wconf 80' lang='lat' dir='ltr'>vultus?</span> <span class='ocrx_word' id='word_1_27' title='bbox 734 872 782 940; x_wconf 90' lang='lat' dir='ltr'>sic</span> <span class='ocrx_word' id='word_1_28' title='bbox 802 885 835 939; x_wconf 87' lang='lat' dir='ltr'>te</span> <span class='ocrx_word' id='word_1_29' title='bbox 854 873 1035 964; x_wconf 81' lang='lat' dir='ltr'>pretiosum</span> <span class='ocrx_word' id='word_1_30' title='bbox 1056 872 1186 942; x_wconf 83' lang='lat' dir='ltr'>videri?</span> 
     </span>
     <span class='ocr_line' id='line_1_5' title="bbox 119 964 1185 1075; baseline 0.001 -28"><span class='ocrx_word' id='word_1_31' title='bbox 119 983 234 1047; x_wconf 86' lang='lat' dir='ltr'>Nonne</span> <span class='ocrx_word' id='word_1_32' title='bbox 256 976 311 1044; x_wconf 85' lang='lat' dir='ltr'>illa</span> <span class='ocrx_word' id='word_1_33' title='bbox 334 975 471 1070; x_wconf 74' lang='lat' dir='ltr'>similior</span> <span class='ocrx_word' id='word_1_34' title='bbox 495 983 543 1046; x_wconf 90' lang='lat' dir='ltr'>tui</span> <span class='ocrx_word' id='word_1_35' title='bbox 563 991 614 1047; x_wconf 90' lang='lat' dir='ltr'>est</span> <span class='ocrx_word' id='word_1_36' title='bbox 633 978 760 1071; x_wconf 79' lang='lat' dir='ltr'>imago,</span> <span class='ocrx_word' id='word_1_37' title='bbox 778 999 877 1070; x_wconf 84' lang='lat' dir='ltr'>quom</span> <span class='ocrx_word' id='word_1_38' title='bbox 899 964 1079 1071; x_wconf 84' lang='lat' dir='ltr'>Pyrenaei¹⁶</span> <span class='ocrx_word' id='word_1_39' title='bbox 1096 980 1185 1075; x_wconf 81' lang='lat' dir='ltr'>jugis</span> 
     </span>
     <span class='ocr_line' id='line_1_6' title="bbox 119 1080 1186 1178; baseline 0.001 -26"><span class='ocrx_word' id='word_1_40' title='bbox 119 1080 324 1177; x_wconf 76' lang='lat' dir='ltr'>imposuisti?</span> <span class='ocrx_word' id='word_1_41' title='bbox 345 1085 458 1151; x_wconf 83' lang='lat' dir='ltr'>Grave</span> <span class='ocrx_word' id='word_1_42' title='bbox 475 1083 626 1177; x_wconf 84' lang='lat' dir='ltr'>profecto</span> <span class='ocrx_word' id='word_1_43' title='bbox 643 1083 834 1176; x_wconf 87' lang='lat' dir='ltr'>foedumque</span> <span class='ocrx_word' id='word_1_44' title='bbox 856 1083 1015 1178; x_wconf 85' lang='lat' dir='ltr'>probrum</span> <span class='ocrx_word' id='word_1_45' title='bbox 1034 1099 1127 1170; x_wconf 87' lang='lat' dir='ltr'>erat,</span> <span class='ocrx_word' id='word_1_46' title='bbox 1152 1085 1186 1153; x_wconf 92' lang='lat' dir='ltr'>ni</span> 
     </span>
     <span class='ocr_line' id='line_1_7' title="bbox 118 1187 1184 1285; baseline 0.003 -29"><span class='ocrx_word' id='word_1_47' title='bbox 118 1191 225 1258; x_wconf 86' lang='lat' dir='ltr'>verius</span> <span class='ocrx_word' id='word_1_48' title='bbox 243 1191 301 1257; x_wconf 80' lang='lat' dir='ltr'>irae</span> <span class='ocrx_word' id='word_1_49' title='bbox 313 1187 452 1257; x_wconf 90' lang='lat' dir='ltr'>deorum</span> <span class='ocrx_word' id='word_1_50' title='bbox 471 1202 640 1259; x_wconf 88' lang='lat' dir='ltr'>ostentum</span> <span class='ocrx_word' id='word_1_51' title='bbox 656 1189 746 1259; x_wconf 91' lang='lat' dir='ltr'>credi</span> <span class='ocrx_word' id='word_1_52' title='bbox 760 1203 945 1283; x_wconf 82' lang='lat' dir='ltr'>oporteret,</span> <span class='ocrx_word' id='word_1_53' title='bbox 963 1189 1116 1285; x_wconf 84' lang='lat' dir='ltr'>clareque</span> <span class='ocrx_word' id='word_1_54' title='bbox 1132 1193 1184 1259; x_wconf 91' lang='lat' dir='ltr'>in·</span> 
     </span>
     <span class='ocr_line' id='line_1_8' title="bbox 119 1289 1184 1391; baseline 0.002 -27"><span class='ocrx_word' id='word_1_55' title='bbox 119 1293 218 1389; x_wconf 81' lang='lat' dir='ltr'>telligi</span> <span class='ocrx_word' id='word_1_56' title='bbox 235 1307 363 1389; x_wconf 88' lang='lat' dir='ltr'>posset,</span> <span class='ocrx_word' id='word_1_57' title='bbox 378 1293 447 1387; x_wconf 83' lang='lat' dir='ltr'>jem</span> <span class='ocrx_word' id='word_1_58' title='bbox 462 1309 531 1363; x_wconf 90' lang='lat' dir='ltr'>tum</span> <span class='ocrx_word' id='word_1_59' title='bbox 550 1294 630 1363; x_wconf 88' lang='lat' dir='ltr'>illud</span> <span class='ocrx_word' id='word_1_60' title='bbox 651 1289 798 1390; x_wconf 75' lang='lat' dir='ltr'>caput&#39;7,</span> <span class='ocrx_word' id='word_1_61' title='bbox 816 1297 962 1364; x_wconf 87' lang='lat' dir='ltr'>Orientis</span> <span class='ocrx_word' id='word_1_62' title='bbox 979 1297 1098 1391; x_wconf 89' lang='lat' dir='ltr'>opibus</span> <span class='ocrx_word' id='word_1_63' title='bbox 1114 1297 1184 1366; x_wconf 91' lang='lat' dir='ltr'>sine</span> 
     </span>
     <span class='ocr_line' id='line_1_9' title="bbox 120 1399 1220 1496; baseline 0.005 -28"><span class='ocrx_word' id='word_1_64' title='bbox 120 1399 244 1494; x_wconf 91' lang='lat' dir='ltr'>reliquo</span> <span class='ocrx_word' id='word_1_65' title='bbox 274 1424 415 1494; x_wconf 89' lang='lat' dir='ltr'>corpore</span> <span class='ocrx_word' id='word_1_66' title='bbox 448 1415 661 1472; x_wconf 86' lang='lat' dir='ltr'>ostentatum.</span> <span class='ocrx_word' id='word_1_67' title='bbox 691 1403 820 1470; x_wconf 72' lang='lat' dir='ltr'>cassera</span> <span class='ocrx_word' id='word_1_68' title='bbox 845 1402 1005 1496; x_wconf 85' lang='lat' dir='ltr'>triumphi</span> <span class='ocrx_word' id='word_1_69' title='bbox 1036 1403 1220 1495; x_wconf 79' lang='lat' dir='ltr'>ejusdemt</span> 
     </span>
     <span class='ocr_line' id='line_1_10' title="bbox 118 1493 1224 1602; baseline 0.002 -27"><span class='ocrx_word' id='word_1_70' title='bbox 118 1531 215 1600; x_wconf 87' lang='lat' dir='ltr'>quam</span> <span class='ocrx_word' id='word_1_71' title='bbox 234 1501 356 1574; x_wconf 82' lang='lat' dir='ltr'>virilia!</span> <span class='ocrx_word' id='word_1_72' title='bbox 374 1506 563 1600; x_wconf 78' lang='lat' dir='ltr'>reipublicae</span> <span class='ocrx_word' id='word_1_73' title='bbox 582 1521 616 1577; x_wconf 87' lang='lat' dir='ltr'>et</span> <span class='ocrx_word' id='word_1_74' title='bbox 632 1493 892 1600; x_wconf 83' lang='lat' dir='ltr'>quaestorihus¹⁸‚</span> <span class='ocrx_word' id='word_1_75' title='bbox 908 1511 964 1602; x_wconf 89' lang='lat' dir='ltr'>qui</span> <span class='ocrx_word' id='word_1_76' title='bbox 980 1531 1071 1576; x_wconf 87' lang='lat' dir='ltr'>oram</span> <span class='ocrx_word' id='word_1_77' title='bbox 1088 1510 1187 1578; x_wconf 84' lang='lat' dir='ltr'>maris</span> <span class='ocrx_word' id='word_1_78' title='bbox 1222 1531 1224 1538; x_wconf 90' lang='lat'>·</span> 
     </span>
    </p>
   </div>
   <div class='ocr_carea' id='block_1_3' title="bbox 117 1706 1188 2238">
    <p class='ocr_par' dir='ltr' id='par_1_3' title="bbox 117 1706 1188 2238">
     <span class='ocr_line' id='line_1_11' title="bbox 117 1706 1187 1782; baseline 0.001 -20"><span class='ocrx_word' id='word_1_79' title='bbox 117 1708 218 1762; x_wconf 79' lang='lat' dir='ltr'>luxurie</span> <span class='ocrx_word' id='word_1_80' title='bbox 245 1706 435 1779; x_wconf 77' lang='lat' dir='ltr'>triumpharet.</span> <span class='ocrx_word' id='word_1_81' title='bbox 465 1711 489 1775; x_wconf 76' lang='grc' dir='ltr'>ᾼ</span> <span class='ocrx_word' id='word_1_82' title='bbox 517 1709 629 1779; x_wconf 81' lang='lat' dir='ltr'>profuso</span> <span class='ocrx_word' id='word_1_83' title='bbox 671 1728 732 1762; x_wconf 91' lang='lat' dir='ltr'>rum</span> <span class='ocrx_word' id='word_1_84' title='bbox 745 1721 878 1762; x_wconf 87' lang='lat' dir='ltr'>ostentum</span> <span class='ocrx_word' id='word_1_85' title='bbox 888 1721 967 1773; x_wconf 87' lang='lat' dir='ltr'>esset,</span> <span class='ocrx_word' id='word_1_86' title='bbox 980 1709 1036 1762; x_wconf 83' lang='lat' dir='ltr'>lore</span> <span class='ocrx_word' id='word_1_87' title='bbox 1045 1709 1187 1782; x_wconf 88' lang='lat' dir='ltr'>aliquando</span> 
     </span>
     <span class='ocr_line' id='line_1_12' title="bbox 118 1787 1188 1861; baseline 0.001 -21"><span class='ocrx_word' id='word_1_88' title='bbox 118 1787 224 1860; x_wconf 83' lang='lat' dir='ltr'>quidem</span> <span class='ocrx_word' id='word_1_89' title='bbox 244 1799 354 1856; x_wconf 89' lang='lat' dir='ltr'>sumptu</span> <span class='ocrx_word' id='word_1_90' title='bbox 375 1787 403 1839; x_wconf 91' lang='lat' dir='ltr'>in</span> <span class='ocrx_word' id='word_1_91' title='bbox 425 1789 630 1841; x_wconf 81' lang='lat' dir='ltr'>exstructionem</span> <span class='ocrx_word' id='word_1_92' title='bbox 673 1802 703 1841; x_wconf 91' lang='grc' dir='ltr'>ιιι</span> <span class='ocrx_word' id='word_1_93' title='bbox 713 1793 793 1859; x_wconf 80' lang='lat' dir='ltr'>caput</span> <span class='ocrx_word' id='word_1_94' title='bbox 803 1793 859 1861; x_wconf 84' lang='lat' dir='ltr'>ejus</span> <span class='ocrx_word' id='word_1_95' title='bbox 870 1789 1010 1859; x_wconf 67' lang='lat' dir='ltr'>precisum</span> <span class='ocrx_word' id='word_1_96' title='bbox 1021 1789 1127 1842; x_wconf 88' lang='lat' dir='ltr'>Orienti</span> <span class='ocrx_word' id='word_1_97' title='bbox 1139 1791 1188 1844; x_wconf 91' lang='lat' dir='ltr'>toti</span> 
     </span>
     <span class='ocr_line' id='line_1_13' title="bbox 119 1866 1186 1939; baseline 0.001 -18"><span class='ocrx_word' id='word_1_98' title='bbox 119 1867 274 1938; x_wconf 80' lang='lat' dir='ltr'>Pompeiani</span> <span class='ocrx_word' id='word_1_99' title='bbox 297 1866 408 1930; x_wconf 91' lang='lat' dir='ltr'>theatri,</span> <span class='ocrx_word' id='word_1_100' title='bbox 425 1866 517 1937; x_wconf 77' lang='lat' dir='ltr'>Magni</span> <span class='ocrx_word' id='word_1_101' title='bbox 540 1867 564 1919; x_wconf 89' lang='lat' dir='ltr'>ei</span> <span class='ocrx_word' id='word_1_102' title='bbox 585 1887 630 1921; x_wconf 88' lang='lat' dir='ltr'>co·</span> <span class='ocrx_word' id='word_1_103' title='bbox 673 1868 729 1920; x_wconf 84' lang='lat' dir='ltr'>sine</span> <span class='ocrx_word' id='word_1_104' title='bbox 745 1869 849 1938; x_wconf 81' lang='lat' dir='ltr'>reliquo</span> <span class='ocrx_word' id='word_1_105' title='bbox 870 1887 982 1939; x_wconf 86' lang='lat' dir='ltr'>corpore</span> <span class='ocrx_word' id='word_1_106' title='bbox 1004 1881 1186 1922; x_wconf 77' lang='lat' dir='ltr'>ostentaretur.</span> 
     </span>
     <span class='ocr_line' id='line_1_14' title="bbox 118 1945 1188 2020; baseline 0.001 -20"><span class='ocrx_word' id='word_1_107' title='bbox 118 1965 231 2019; x_wconf 73' lang='lat' dir='ltr'>gnomen</span> <span class='ocrx_word' id='word_1_108' title='bbox 256 1945 377 2009; x_wconf 69' lang='lat' dir='ltr'>hausisse,</span> <span class='ocrx_word' id='word_1_109' title='bbox 402 1946 485 1998; x_wconf 89' lang='lat' dir='ltr'>sensit</span> <span class='ocrx_word' id='word_1_110' title='bbox 511 1945 630 2000; x_wconf 76' lang='lat' dir='ltr'>Cassiod.</span> <span class='ocrx_word' id='word_1_111' title='bbox 673 1947 808 1999; x_wconf 83' lang='lat' dir='ltr'>Ptolemrei</span> <span class='ocrx_word' id='word_1_112' title='bbox 822 1947 921 2001; x_wconf 88' lang='lat' dir='ltr'>seilicet</span> <span class='ocrx_word' id='word_1_113' title='bbox 934 1948 1004 2018; x_wconf 78' lang='lat' dir='ltr'>regis</span> <span class='ocrx_word' id='word_1_114' title='bbox 1015 1949 1124 2020; x_wconf 74' lang='lat' dir='ltr'>AEgypti</span> <span class='ocrx_word' id='word_1_115' title='bbox 1134 1951 1188 2019; x_wconf 89' lang='lat' dir='ltr'>jus·</span> 
     </span>
     <span class='ocr_line' id='line_1_15' title="bbox 119 2024 1187 2097; baseline 0.001 -18"><span class='ocrx_word' id='word_1_116' title='bbox 119 2027 166 2080; x_wconf 89' lang='lat' dir='ltr'>lib.</span> <span class='ocrx_word' id='word_1_117' title='bbox 184 2026 233 2083; x_wconf 84' lang='lat' dir='ltr'>tv,</span> <span class='ocrx_word' id='word_1_118' title='bbox 250 2027 315 2078; x_wconf 85' lang='lat' dir='ltr'>Ver.</span> <span class='ocrx_word' id='word_1_119' title='bbox 333 2025 410 2094; x_wconf 85' lang='lat' dir='ltr'>epist.</span> <span class='ocrx_word' id='word_1_120' title='bbox 435 2026 481 2089; x_wconf 68' lang='grc' dir='ltr'>ὄις</span> <span class='ocrx_word' id='word_1_121' title='bbox 502 2025 579 2087; x_wconf 81' lang='lat' dir='ltr'>falso,</span> <span class='ocrx_word' id='word_1_122' title='bbox 601 2038 632 2079; x_wconf 90' lang='lat' dir='ltr'>ut</span> <span class='ocrx_word' id='word_1_123' title='bbox 673 2045 703 2078; x_wconf 85' lang='lat' dir='ltr'>su</span> <span class='ocrx_word' id='word_1_124' title='bbox 720 2024 868 2081; x_wconf 77' lang='lat' dir='ltr'>trucidatus</span> <span class='ocrx_word' id='word_1_125' title='bbox 881 2038 935 2090; x_wconf 87' lang='lat' dir='ltr'>est,</span> <span class='ocrx_word' id='word_1_126' title='bbox 950 2039 978 2079; x_wconf 89' lang='lat' dir='ltr'>ut</span> <span class='ocrx_word' id='word_1_127' title='bbox 994 2027 1102 2097; x_wconf 88' lang='lat' dir='ltr'>quidem</span> <span class='ocrx_word' id='word_1_128' title='bbox 1117 2029 1187 2080; x_wconf 88' lang='lat' dir='ltr'>rele-</span> 
     </span>
     <span class='ocr_line' id='line_1_16' title="bbox 119 2101 1188 2178; baseline 0.002 -19"><span class='ocrx_word' id='word_1_129' title='bbox 119 2117 267 2159; x_wconf 78' lang='lat' dir='ltr'>constater</span> <span class='ocrx_word' id='word_1_130' title='bbox 281 2102 382 2168; x_wconf 86' lang='lat' dir='ltr'>Plinio,</span> <span class='ocrx_word' id='word_1_131' title='bbox 399 2101 564 2168; x_wconf 80' lang='lat' dir='ltr'>tib.vtt,‘c.</span> <span class='ocrx_word' id='word_1_132' title='bbox 584 2123 630 2174; x_wconf 76' lang='lat'>²7·</span> <span class='ocrx_word' id='word_1_133' title='bbox 673 2117 737 2157; x_wconf 88' lang='lat' dir='ltr'>runt</span> <span class='ocrx_word' id='word_1_134' title='bbox 750 2105 892 2178; x_wconf 75' lang='lat' dir='ltr'>scriptores</span> <span class='ocrx_word' id='word_1_135' title='bbox 909 2124 999 2159; x_wconf 88' lang='lat' dir='ltr'>rernm</span> <span class='ocrx_word' id='word_1_136' title='bbox 1018 2124 1188 2161; x_wconf 78' lang='lat' dir='ltr'>romanarum</span> 
     </span>
     <span class='ocr_line' id='line_1_17' title="bbox 119 2174 1006 2238; baseline -0.003 0"><span class='ocrx_word' id='word_1_137' title='bbox 119 2185 186 2238; x_wconf 81' lang='lat' dir='ltr'>Nam</span> <span class='ocrx_word' id='word_1_138' title='bbox 204 2203 238 2238; x_wconf 87' lang='lat' dir='ltr'>ex</span> <span class='ocrx_word' id='word_1_139' title='bbox 259 2183 349 2236; x_wconf 79' lang='lat' dir='ltr'>Africa</span> <span class='ocrx_word' id='word_1_140' title='bbox 365 2194 420 2236; x_wconf 89' lang='lat' dir='ltr'>tota</span> <span class='ocrx_word' id='word_1_141' title='bbox 432 2184 539 2236; x_wconf 85' lang='lat' dir='ltr'>subacta</span> <span class='ocrx_word' id='word_1_142' title='bbox 559 2196 585 2236; x_wconf 90' lang='lat' dir='ltr'>et</span> <span class='ocrx_word' id='word_1_143' title='bbox 600 2184 629 2236; x_wconf 90' lang='lat' dir='ltr'>in</span> <span class='ocrx_word' id='word_1_144' title='bbox 673 2201 775 2238; x_wconf 88' lang='lat' dir='ltr'>omnes.</span> <span class='ocrx_word' id='word_1_145' title='bbox 792 2177 882 2236; x_wconf 72' lang='lat' dir='ltr'>Huc.</span> <span class='ocrx_word' id='word_1_146' title='bbox 1001 2174 1006 2183; x_wconf 64' lang='grc'><em>’</em></span> 
     </span>
    </p>
   </div>
   <div class='ocr_carea' id='block_1_4' title="bbox 119 2245 1325 2334">
    <p class='ocr_par' dir='ltr' id='par_1_4' title="bbox 119 2245 1325 2334">
     <span class='ocr_line' id='line_1_18' title="bbox 119 2245 1325 2334; baseline 0 -17"><span class='ocrx_word' id='word_1_147' title='bbox 119 2263 248 2318; x_wconf 83' lang='lat' dir='ltr'>ditionem</span> <span class='ocrx_word' id='word_1_148' title='bbox 265 2259 372 2316; x_wconf 86' lang='lat' dir='ltr'>redacta</span> <span class='ocrx_word' id='word_1_149' title='bbox 386 2261 416 2314; x_wconf 89' lang='lat' dir='ltr'>id</span> <span class='ocrx_word' id='word_1_150' title='bbox 429 2280 576 2334; x_wconf 68' lang='lat' dir='ltr'>cognomen</span> <span class='ocrx_word' id='word_1_151' title='bbox 589 2274 632 2316; x_wconf 87' lang='lat' dir='ltr'>tu·</span> <span class='ocrx_word' id='word_1_152' title='bbox 717 2266 762 2318; x_wconf 83' lang='lat' dir='ltr'>rs.</span> <span class='ocrx_word' id='word_1_153' title='bbox 791 2261 938 2329; x_wconf 60' lang='lat' dir='ltr'>Reipublicae</span> <span class='ocrx_word' id='word_1_154' title='bbox 965 2275 990 2315; x_wconf 84' lang='lat' dir='ltr'>et</span> <span class='ocrx_word' id='word_1_155' title='bbox 1012 2265 1185 2334; x_wconf 71' lang='lat' dir='ltr'>precessoribus,</span> <span class='ocrx_word' id='word_1_156' title='bbox 1274 2248 1277 2254; x_wconf 41' lang='lat'>¹</span> <span class='ocrx_word' id='word_1_157' title='bbox 1320 2245 1325 2254; x_wconf 40' lang='lat'>¹</span> 
     </span>
    </p>
   </div>
   <div class='ocr_carea' id='block_1_5' title="bbox 119 2339 1190 2414">
    <p class='ocr_par' dir='ltr' id='par_1_5' title="bbox 119 2339 1190 2414">
     <span class='ocr_line' id='line_1_19' title="bbox 119 2339 1190 2414; baseline 0 -17"><span class='ocrx_word' id='word_1_158' title='bbox 119 2341 281 2398; x_wconf 87' lang='lat' dir='ltr'>lit.Transiit</span> <span class='ocrx_word' id='word_1_159' title='bbox 287 2339 356 2394; x_wconf 89' lang='lat' dir='ltr'>illud</span> <span class='ocrx_word' id='word_1_160' title='bbox 364 2340 399 2394; x_wconf 86' lang='lat' dir='ltr'>ad</span> <span class='ocrx_word' id='word_1_161' title='bbox 408 2355 527 2413; x_wconf 84' lang='lat' dir='ltr'>posteros</span> <span class='ocrx_word' id='word_1_162' title='bbox 536 2359 633 2413; x_wconf 72' lang='lat' dir='ltr'>cogno·</span> <span class='ocrx_word' id='word_1_163' title='bbox 672 2344 715 2413; x_wconf 78' lang='lat' dir='ltr'>qui</span> <span class='ocrx_word' id='word_1_164' title='bbox 727 2361 795 2394; x_wconf 81' lang='lat' dir='ltr'>orum</span> <span class='ocrx_word' id='word_1_165' title='bbox 807 2346 896 2407; x_wconf 82' lang='lat' dir='ltr'>muris,</span> <span class='ocrx_word' id='word_1_166' title='bbox 908 2355 957 2395; x_wconf 90' lang='lat' dir='ltr'>etc.</span> <span class='ocrx_word' id='word_1_167' title='bbox 971 2344 1107 2414; x_wconf 75' lang='lat' dir='ltr'>Nusquam</span> <span class='ocrx_word' id='word_1_168' title='bbox 1120 2362 1190 2414; x_wconf 74' lang='lat' dir='ltr'>gras·</span> 
     </span>
    </p>
   </div>
   <div class='ocr_carea' id='block_1_6' title="bbox 31 2420 1190 2493">
    <p class='ocr_par' dir='ltr' id='par_1_6' title="bbox 31 2420 1190 2493">
     <span class='ocr_line' id='line_1_20' title="bbox 31 2420 1190 2493; baseline 0.001 -17"><span class='ocrx_word' id='word_1_169' title='bbox 31 2426 36 2434; x_wconf 88' lang='grc'><em>“</em></span> <span class='ocrx_word' id='word_1_170' title='bbox 119 2423 197 2476; x_wconf 88' lang='lat' dir='ltr'>minis</span> <span class='ocrx_word' id='word_1_171' title='bbox 205 2421 381 2475; x_wconf 68' lang='lat' dir='ltr'>eice-Sic</span> <span class='ocrx_word' id='word_1_172' title='bbox 390 2420 500 2475; x_wconf 89' lang='lat' dir='ltr'>totidem</span> <span class='ocrx_word' id='word_1_173' title='bbox 509 2421 629 2492; x_wconf 83' lang='lat' dir='ltr'>apicibus</span> <span class='ocrx_word' id='word_1_174' title='bbox 674 2431 730 2474; x_wconf 87' lang='lat' dir='ltr'>sata</span> <span class='ocrx_word' id='word_1_175' title='bbox 740 2421 1079 2493; x_wconf 63' lang='grc' dir='ltr'>ΙΙίιιοιίιιιμιιιιιιιιἱιιιιιιιιο</span> <span class='ocrx_word' id='word_1_176' title='bbox 1090 2424 1190 2490; x_wconf 90' lang='lat' dir='ltr'>locum,</span> 
     </span>
    </p>
   </div>
   <div class='ocr_carea' id='block_1_7' title="bbox 118 2498 1291 4239">
    <p class='ocr_par' dir='ltr' id='par_1_7' title="bbox 118 2498 1291 4239">
     <span class='ocr_line' id='line_1_21' title="bbox 119 2498 1189 2577; baseline -0.001 -20"><span class='ocrx_word' id='word_1_177' title='bbox 119 2521 149 2557; x_wconf 83' lang='lat' dir='ltr'>sc</span> <span class='ocrx_word' id='word_1_178' title='bbox 160 2501 271 2574; x_wconf 76' lang='lat' dir='ltr'>syllabis</span> <span class='ocrx_word' id='word_1_179' title='bbox 281 2501 345 2571; x_wconf 72' lang='lat' dir='ltr'>hep.</span> <span class='ocrx_word' id='word_1_180' title='bbox 359 2521 391 2566; x_wconf 87' lang='lat' dir='ltr'>s,</span> <span class='ocrx_word' id='word_1_181' title='bbox 404 2501 483 2554; x_wconf 89' lang='lat' dir='ltr'>Colb.</span> <span class='ocrx_word' id='word_1_182' title='bbox 495 2500 522 2566; x_wconf 78' lang='lat'>3,</span> <span class='ocrx_word' id='word_1_183' title='bbox 534 2501 631 2573; x_wconf 88' lang='lat' dir='ltr'>aliique</span> <span class='ocrx_word' id='word_1_184' title='bbox 673 2498 809 2553; x_wconf 87' lang='lat' dir='ltr'>editorum</span> <span class='ocrx_word' id='word_1_185' title='bbox 830 2499 939 2554; x_wconf 84' lang='lat' dir='ltr'>audacia</span> <span class='ocrx_word' id='word_1_186' title='bbox 956 2520 963 2554; x_wconf 94' lang='lat'><strong>:</strong></span> <span class='ocrx_word' id='word_1_187' title='bbox 979 2502 1017 2555; x_wconf 87' lang='lat' dir='ltr'>sic</span> <span class='ocrx_word' id='word_1_188' title='bbox 1040 2502 1112 2555; x_wconf 88' lang='lat' dir='ltr'>euim</span> <span class='ocrx_word' id='word_1_189' title='bbox 1132 2503 1189 2577; x_wconf 83' lang='lat' dir='ltr'>typi</span> 
     </span>
     <span class='ocr_line' id='line_1_22' title="bbox 119 2580 1190 2653; baseline 0.001 -17"><span class='ocrx_word' id='word_1_190' title='bbox 119 2582 193 2636; x_wconf 78' lang='lat' dir='ltr'>MSS.</span> <span class='ocrx_word' id='word_1_191' title='bbox 211 2580 320 2648; x_wconf 85' lang='lat' dir='ltr'>Quibus</span> <span class='ocrx_word' id='word_1_192' title='bbox 340 2581 429 2634; x_wconf 77' lang='lat' dir='ltr'>verbis</span> <span class='ocrx_word' id='word_1_193' title='bbox 447 2598 530 2651; x_wconf 87' lang='lat' dir='ltr'>quum</span> <span class='ocrx_word' id='word_1_194' title='bbox 548 2581 633 2634; x_wconf 90' lang='lat' dir='ltr'>subsit</span> <span class='ocrx_word' id='word_1_195' title='bbox 673 2580 801 2634; x_wconf 84' lang='lat' dir='ltr'>hactenus</span> <span class='ocrx_word' id='word_1_196' title='bbox 812 2582 910 2651; x_wconf 73' lang='lat' dir='ltr'>vulgati</span> <span class='ocrx_word' id='word_1_197' title='bbox 925 2600 954 2632; x_wconf 67' lang='lat' dir='ltr'>:a</span> <span class='ocrx_word' id='word_1_198' title='bbox 968 2582 1130 2653; x_wconf 74' lang='lat' dir='ltr'>Reipublicae</span> <span class='ocrx_word' id='word_1_199' title='bbox 1144 2582 1190 2637; x_wconf 85' lang='lat' dir='ltr'>ds·</span> 
     </span>
     <span class='ocr_line' id='line_1_23' title="bbox 119 2658 1190 2732; baseline -0.001 -15"><span class='ocrx_word' id='word_1_200' title='bbox 119 2661 251 2717; x_wconf 86' lang='lat' dir='ltr'>sententia</span> <span class='ocrx_word' id='word_1_201' title='bbox 277 2660 370 2730; x_wconf 65' lang='lat' dir='ltr'>paulo,</span> <span class='ocrx_word' id='word_1_202' title='bbox 383 2658 557 2720; x_wconf 85' lang='lat' dir='ltr'>reconditior,</span> <span class='ocrx_word' id='word_1_203' title='bbox 581 2678 633 2713; x_wconf 90' lang='lat' dir='ltr'>nec</span> <span class='ocrx_word' id='word_1_204' title='bbox 674 2671 732 2713; x_wconf 85' lang='lat' dir='ltr'>tum</span> <span class='ocrx_word' id='word_1_205' title='bbox 757 2659 831 2712; x_wconf 90' lang='lat' dir='ltr'>mille</span> <span class='ocrx_word' id='word_1_206' title='bbox 859 2661 987 2713; x_wconf 85' lang='lat' dir='ltr'>talentum</span> <span class='ocrx_word' id='word_1_207' title='bbox 1011 2680 1018 2713; x_wconf 77' lang='lat' dir='ltr'>r</span> <span class='ocrx_word' id='word_1_208' title='bbox 1044 2662 1137 2732; x_wconf 81' lang='lat' dir='ltr'>legatis</span> <span class='ocrx_word' id='word_1_209' title='bbox 1163 2676 1190 2716; x_wconf 90' lang='lat' dir='ltr'>et</span> 
     </span>
     <span class='ocr_line' id='line_1_24' title="bbox 119 2737 1191 2811; baseline -0.001 -16"><span class='ocrx_word' id='word_1_210' title='bbox 119 2742 204 2795; x_wconf 78' lang='lat' dir='ltr'>statim</span> <span class='ocrx_word' id='word_1_211' title='bbox 224 2738 378 2811; x_wconf 72' lang='lat' dir='ltr'>legentibus</span> <span class='ocrx_word' id='word_1_212' title='bbox 400 2739 492 2801; x_wconf 87' lang='lat' dir='ltr'>obria,</span> <span class='ocrx_word' id='word_1_213' title='bbox 518 2737 633 2792; x_wconf 87' lang='lat' dir='ltr'>Pliniaui</span> <span class='ocrx_word' id='word_1_214' title='bbox 674 2740 868 2810; x_wconf 75' lang='lat' dir='ltr'>questorihus‚</span> <span class='ocrx_word' id='word_1_215' title='bbox 882 2739 928 2811; x_wconf 87' lang='lat' dir='ltr'>qui</span> <span class='ocrx_word' id='word_1_216' title='bbox 940 2758 999 2793; x_wconf 81' lang='lat' dir='ltr'>ores</span> <span class='ocrx_word' id='word_1_217' title='bbox 1009 2742 1088 2793; x_wconf 89' lang='lat' dir='ltr'>maris</span> <span class='ocrx_word' id='word_1_218' title='bbox 1100 2740 1191 2795; x_wconf 81' lang='lat' dir='ltr'>delen·</span> 
     </span>
     <span class='ocr_line' id='line_1_25' title="bbox 119 2815 1190 2892; baseline 0.001 -19"><span class='ocrx_word' id='word_1_219' title='bbox 119 2818 499 2892; x_wconf 81' lang='lat' dir='ltr'>interpolatoreshactenusits</span> <span class='ocrx_word' id='word_1_220' title='bbox 507 2815 632 2871; x_wconf 84' lang='lat' dir='ltr'>edidere:</span> <span class='ocrx_word' id='word_1_221' title='bbox 674 2816 789 2885; x_wconf 75' lang='lat' dir='ltr'>disseru,</span> <span class='ocrx_word' id='word_1_222' title='bbox 803 2820 860 2872; x_wconf 84' lang='lat' dir='ltr'>11-s</span> <span class='ocrx_word' id='word_1_223' title='bbox 872 2820 936 2871; x_wconf 89' lang='lat' dir='ltr'>bins</span> <span class='ocrx_word' id='word_1_224' title='bbox 952 2817 1034 2872; x_wconf 88' lang='lat' dir='ltr'>millia</span> <span class='ocrx_word' id='word_1_225' title='bbox 1050 2838 1057 2873; x_wconf 93' lang='lat'><strong>:</strong></span> <span class='ocrx_word' id='word_1_226' title='bbox 1079 2820 1190 2874; x_wconf 86' lang='lat' dir='ltr'>commi·</span> 
     </span>
     <span class='ocr_line' id='line_1_26' title="bbox 122 2896 1189 2971; baseline 0.004 -22"><span class='ocrx_word' id='word_1_227' title='bbox 122 2924 134 2949; x_wconf 84' lang='grc' dir='ltr'><strong>ι</strong></span> <span class='ocrx_word' id='word_1_228' title='bbox 146 2900 235 2965; x_wconf 88' lang='lat' dir='ltr'>Quam</span> <span class='ocrx_word' id='word_1_229' title='bbox 240 2897 375 2970; x_wconf 84' lang='lat' dir='ltr'>prolecto,</span> <span class='ocrx_word' id='word_1_230' title='bbox 385 2923 397 2946; x_wconf 81' lang='grc' dir='ltr'><strong>ι</strong></span> <span class='ocrx_word' id='word_1_231' title='bbox 407 2900 449 2952; x_wconf 85' lang='lat' dir='ltr'>rel</span> <span class='ocrx_word' id='word_1_232' title='bbox 461 2924 472 2945; x_wconf 84' lang='grc' dir='ltr'><strong>ι</strong></span> <span class='ocrx_word' id='word_1_233' title='bbox 481 2896 562 2962; x_wconf 89' lang='lat' dir='ltr'>Quod</span> <span class='ocrx_word' id='word_1_234' title='bbox 570 2916 634 2969; x_wconf 90' lang='lat' dir='ltr'>pro·</span> <span class='ocrx_word' id='word_1_235' title='bbox 675 2896 766 2951; x_wconf 89' lang='lat' dir='ltr'>litibus</span> <span class='ocrx_word' id='word_1_236' title='bbox 776 2898 887 2968; x_wconf 79' lang='lat' dir='ltr'>singulis</span> <span class='ocrx_word' id='word_1_237' title='bbox 895 2898 1094 2971; x_wconf 75' lang='lat' dir='ltr'>quinquaginta.</span> <span class='ocrx_word' id='word_1_238' title='bbox 1106 2901 1189 2965; x_wconf 76' lang='lat' dir='ltr'>»Quis</span> 
     </span>
     <span class='ocr_line' id='line_1_27' title="bbox 119 2976 1190 3049; baseline 0 -17"><span class='ocrx_word' id='word_1_239' title='bbox 119 2980 186 3033; x_wconf 83' lang='lat' dir='ltr'>lecto</span> <span class='ocrx_word' id='word_1_240' title='bbox 201 2976 348 3032; x_wconf 84' lang='lat' dir='ltr'>interillos</span> <span class='ocrx_word' id='word_1_241' title='bbox 364 2977 434 3031; x_wconf 84' lang='lat' dir='ltr'>viros</span> <span class='ocrx_word' id='word_1_242' title='bbox 450 2976 570 3031; x_wconf 75' lang='lat' dir='ltr'>durasset</span> <span class='ocrx_word' id='word_1_243' title='bbox 587 2996 633 3031; x_wconf 91' lang='lat' dir='ltr'>co·</span> <span class='ocrx_word' id='word_1_244' title='bbox 675 2995 802 3049; x_wconf 82' lang='lat' dir='ltr'>nmquam</span> <span class='ocrx_word' id='word_1_245' title='bbox 820 2979 848 3031; x_wconf 88' lang='lat' dir='ltr'>in</span> <span class='ocrx_word' id='word_1_246' title='bbox 865 2979 945 3031; x_wconf 81' lang='lat' dir='ltr'>letius</span> <span class='ocrx_word' id='word_1_247' title='bbox 963 2980 1053 3049; x_wconf 82' lang='lat' dir='ltr'>lingua</span> <span class='ocrx_word' id='word_1_248' title='bbox 1073 2980 1190 3032; x_wconf 76' lang='lat' dir='ltr'>commili-</span> 
     </span>
     <span class='ocr_line' id='line_1_28' title="bbox 118 3055 1191 3131; baseline 0.007 -25"><span class='ocrx_word' id='word_1_249' title='bbox 118 3076 251 3131; x_wconf 66' lang='lat' dir='ltr'>gnomen,</span> <span class='ocrx_word' id='word_1_250' title='bbox 267 3067 320 3110; x_wconf 89' lang='lat' dir='ltr'>etc.</span> <span class='ocrx_word' id='word_1_251' title='bbox 332 3081 345 3103; x_wconf 74' lang='grc' dir='ltr'><strong>ι</strong></span> <span class='ocrx_word' id='word_1_252' title='bbox 359 3055 463 3115; x_wconf 61' lang='lat' dir='ltr'>ilino„</span> <span class='ocrx_word' id='word_1_253' title='bbox 677 3068 712 3109; x_wconf 80' lang='lat' dir='ltr'>tes</span> <span class='ocrx_word' id='word_1_254' title='bbox 733 3056 838 3111; x_wconf 84' lang='lat' dir='ltr'>audiit?</span> <span class='ocrx_word' id='word_1_255' title='bbox 860 3059 915 3111; x_wconf 88' lang='lat' dir='ltr'>Nos</span> <span class='ocrx_word' id='word_1_256' title='bbox 935 3058 1126 3128; x_wconf 85' lang='lat' dir='ltr'>exemplarium</span> <span class='ocrx_word' id='word_1_257' title='bbox 1145 3078 1191 3113; x_wconf 79' lang='lat' dir='ltr'>re·</span> 
     </span>
     <span class='ocr_line' id='line_1_29' title="bbox 141 3136 1192 3209; baseline 0.002 -20"><span class='ocrx_word' id='word_1_258' title='bbox 141 3186 147 3196; x_wconf 79' lang='grc'>,</span> <span class='ocrx_word' id='word_1_259' title='bbox 160 3138 309 3203; x_wconf 62' lang='lat' dir='ltr'>14Prisea</span> <span class='ocrx_word' id='word_1_260' title='bbox 317 3139 432 3189; x_wconf 77' lang='lat' dir='ltr'>uictoris.</span> <span class='ocrx_word' id='word_1_261' title='bbox 442 3136 531 3189; x_wconf 75' lang='lat' dir='ltr'>Africa</span> <span class='ocrx_word' id='word_1_262' title='bbox 537 3154 634 3208; x_wconf 88' lang='lat' dir='ltr'>nempe</span> <span class='ocrx_word' id='word_1_263' title='bbox 676 3137 1192 3209; x_wconf 74' lang='lat' dir='ltr'>tustissimoruru.integerrimornmque,</span> 
     </span>
     <span class='ocr_line' id='line_1_30' title="bbox 118 3212 1192 3288; baseline -0.003 -17"><span class='ocrx_word' id='word_1_264' title='bbox 118 3218 242 3279; x_wconf 72' lang='lat' dir='ltr'>rubente,</span> <span class='ocrx_word' id='word_1_265' title='bbox 272 3213 344 3269; x_wconf 87' lang='lat' dir='ltr'>uude</span> <span class='ocrx_word' id='word_1_266' title='bbox 369 3212 461 3287; x_wconf 71' lang='lat' dir='ltr'>Magni</span> <span class='ocrx_word' id='word_1_267' title='bbox 488 3234 635 3286; x_wconf 77' lang='lat' dir='ltr'>cognomen</span> <span class='ocrx_word' id='word_1_268' title='bbox 678 3216 783 3288; x_wconf 90' lang='lat' dir='ltr'>sequuti</span> <span class='ocrx_word' id='word_1_269' title='bbox 808 3234 898 3269; x_wconf 87' lang='lat' dir='ltr'>sumus</span> <span class='ocrx_word' id='word_1_270' title='bbox 921 3215 1017 3282; x_wconf 81' lang='lat' dir='ltr'>iidem,</span> <span class='ocrx_word' id='word_1_271' title='bbox 1043 3216 1071 3269; x_wconf 91' lang='lat' dir='ltr'>in</span> <span class='ocrx_word' id='word_1_272' title='bbox 1099 3217 1192 3287; x_wconf 88' lang='lat' dir='ltr'>primis</span> 
     </span>
     <span class='ocr_line' id='line_1_31' title="bbox 120 3291 1192 3369; baseline 0 -19"><span class='ocrx_word' id='word_1_273' title='bbox 120 3296 197 3365; x_wconf 87' lang='lat' dir='ltr'>tulit,</span> <span class='ocrx_word' id='word_1_274' title='bbox 209 3307 243 3349; x_wconf 90' lang='lat' dir='ltr'>ut</span> <span class='ocrx_word' id='word_1_275' title='bbox 255 3291 357 3349; x_wconf 82' lang='lat' dir='ltr'>dictum</span> <span class='ocrx_word' id='word_1_276' title='bbox 375 3308 415 3348; x_wconf 90' lang='lat' dir='ltr'>est</span> <span class='ocrx_word' id='word_1_277' title='bbox 429 3295 571 3366; x_wconf 82' lang='lat' dir='ltr'>proxime:</span> <span class='ocrx_word' id='word_1_278' title='bbox 587 3294 636 3347; x_wconf 84' lang='lat' dir='ltr'>etsi</span> <span class='ocrx_word' id='word_1_279' title='bbox 678 3295 743 3365; x_wconf 65' lang='lat' dir='ltr'>hep.</span> <span class='ocrx_word' id='word_1_280' title='bbox 761 3314 794 3362; x_wconf 80' lang='lat' dir='ltr'>a,</span> <span class='ocrx_word' id='word_1_281' title='bbox 807 3308 832 3348; x_wconf 91' lang='lat' dir='ltr'>et</span> <span class='ocrx_word' id='word_1_282' title='bbox 846 3296 923 3349; x_wconf 88' lang='lat' dir='ltr'>Colb.</span> <span class='ocrx_word' id='word_1_283' title='bbox 940 3297 971 3361; x_wconf 82' lang='lat'>3,</span> <span class='ocrx_word' id='word_1_284' title='bbox 985 3296 1011 3348; x_wconf 90' lang='lat' dir='ltr'>in</span> <span class='ocrx_word' id='word_1_285' title='bbox 1027 3297 1124 3369; x_wconf 89' lang='lat' dir='ltr'>quibus</span> <span class='ocrx_word' id='word_1_286' title='bbox 1139 3308 1192 3351; x_wconf 89' lang='lat' dir='ltr'>tot·</span> 
     </span>
     <span class='ocr_line' id='line_1_32' title="bbox 119 3372 1193 3447; baseline 0 -18"><span class='ocrx_word' id='word_1_287' title='bbox 119 3375 241 3430; x_wconf 71' lang='lat' dir='ltr'>victorin</span> <span class='ocrx_word' id='word_1_288' title='bbox 259 3386 337 3427; x_wconf 85' lang='lat' dir='ltr'>autea</span> <span class='ocrx_word' id='word_1_289' title='bbox 356 3375 428 3428; x_wconf 86' lang='lat' dir='ltr'>illins</span> <span class='ocrx_word' id='word_1_290' title='bbox 444 3374 501 3428; x_wconf 80' lang='lat' dir='ltr'>alise</span> <span class='ocrx_word' id='word_1_291' title='bbox 519 3391 636 3427; x_wconf 90' lang='lat' dir='ltr'>comme·</span> <span class='ocrx_word' id='word_1_292' title='bbox 678 3372 750 3426; x_wconf 88' lang='lat' dir='ltr'>idem</span> <span class='ocrx_word' id='word_1_293' title='bbox 764 3374 870 3443; x_wconf 82' lang='lat' dir='ltr'>syllabis</span> <span class='ocrx_word' id='word_1_294' title='bbox 886 3388 912 3428; x_wconf 92' lang='lat' dir='ltr'>et</span> <span class='ocrx_word' id='word_1_295' title='bbox 926 3376 1044 3447; x_wconf 87' lang='lat' dir='ltr'>epicihus</span> <span class='ocrx_word' id='word_1_296' title='bbox 1062 3378 1135 3429; x_wconf 88' lang='lat' dir='ltr'>locus</span> <span class='ocrx_word' id='word_1_297' title='bbox 1147 3376 1193 3430; x_wconf 87' lang='lat' dir='ltr'>hic</span> 
     </span>
     <span class='ocr_line' id='line_1_33' title="bbox 121 3451 1189 3526; baseline -0.003 -17"><span class='ocrx_word' id='word_1_298' title='bbox 121 3468 272 3513; x_wconf 81' lang='lat' dir='ltr'>morantur,</span> <span class='ocrx_word' id='word_1_299' title='bbox 283 3451 378 3507; x_wconf 62' lang='lat' dir='ltr'>niso.</span> <span class='ocrx_word' id='word_1_300' title='bbox 679 3451 833 3516; x_wconf 78' lang='lat' dir='ltr'>exhibetur,</span> <span class='ocrx_word' id='word_1_301' title='bbox 857 3466 923 3525; x_wconf 87' lang='lat' dir='ltr'>quot</span> <span class='ocrx_word' id='word_1_302' title='bbox 951 3468 1189 3526; x_wconf 76' lang='lat' dir='ltr'>representamus:</span> 
     </span>
     <span class='ocr_line' id='line_1_34' title="bbox 164 3528 1195 3604; baseline 0 -17"><span class='ocrx_word' id='word_1_303' title='bbox 164 3532 209 3589; x_wconf 83' lang='lat'>15.</span> <span class='ocrx_word' id='word_1_304' title='bbox 226 3534 265 3587; x_wconf 80' lang='lat' dir='ltr'>Et</span> <span class='ocrx_word' id='word_1_305' title='bbox 278 3535 378 3603; x_wconf 67' lang='lat' dir='ltr'>semime</span> <span class='ocrx_word' id='word_1_306' title='bbox 390 3543 493 3604; x_wconf 77' lang='lat' dir='ltr'>reperta.</span> <span class='ocrx_word' id='word_1_307' title='bbox 507 3534 540 3584; x_wconf 86' lang='lat' dir='ltr'>ln</span> <span class='ocrx_word' id='word_1_308' title='bbox 560 3531 637 3593; x_wconf 86' lang='lat' dir='ltr'>lemi·</span> <span class='ocrx_word' id='word_1_309' title='bbox 680 3532 768 3604; x_wconf 88' lang='lat' dir='ltr'>neque</span> <span class='ocrx_word' id='word_1_310' title='bbox 787 3532 814 3584; x_wconf 91' lang='lat' dir='ltr'>in</span> <span class='ocrx_word' id='word_1_311' title='bbox 831 3532 863 3585; x_wconf 90' lang='lat' dir='ltr'>iis</span> <span class='ocrx_word' id='word_1_312' title='bbox 874 3532 978 3602; x_wconf 80' lang='lat' dir='ltr'>modo,</span> <span class='ocrx_word' id='word_1_313' title='bbox 993 3534 1040 3587; x_wconf 88' lang='lat' dir='ltr'>sed</span> <span class='ocrx_word' id='word_1_314' title='bbox 1055 3548 1081 3588; x_wconf 90' lang='lat' dir='ltr'>et</span> <span class='ocrx_word' id='word_1_315' title='bbox 1100 3528 1195 3588; x_wconf 86' lang='lat' dir='ltr'>inillis</span> 
     </span>
     <span class='ocr_line' id='line_1_35' title="bbox 119 3610 1193 3686; baseline 0.001 -22"><span class='ocrx_word' id='word_1_316' title='bbox 119 3632 217 3669; x_wconf 84' lang='lat' dir='ltr'>uarum</span> <span class='ocrx_word' id='word_1_317' title='bbox 233 3632 324 3668; x_wconf 87' lang='lat' dir='ltr'>usum.</span> <span class='ocrx_word' id='word_1_318' title='bbox 337 3610 429 3665; x_wconf 82' lang='lat' dir='ltr'>Hsau.</span> <span class='ocrx_word' id='word_1_319' title='bbox 680 3630 747 3683; x_wconf 86' lang='lat' dir='ltr'>quos</span> <span class='ocrx_word' id='word_1_320' title='bbox 768 3610 884 3665; x_wconf 69' lang='lat' dir='ltr'>Budaeus</span> <span class='ocrx_word' id='word_1_321' title='bbox 906 3613 1033 3686; x_wconf 83' lang='lat' dir='ltr'>inspexit,</span> <span class='ocrx_word' id='word_1_322' title='bbox 1055 3613 1089 3667; x_wconf 90' lang='lat' dir='ltr'>de</span> <span class='ocrx_word' id='word_1_323' title='bbox 1114 3617 1193 3679; x_wconf 80' lang='lat' dir='ltr'>Asse,</span> 
     </span>
     <span class='ocr_line' id='line_1_36' title="bbox 165 3687 1291 3765; baseline -0.002 -18"><span class='ocrx_word' id='word_1_324' title='bbox 165 3696 210 3747; x_wconf 79' lang='grc' dir='ltr'><strong>ιδ.</strong></span> <span class='ocrx_word' id='word_1_325' title='bbox 225 3692 424 3765; x_wconf 68' lang='lat' dir='ltr'>Pyrenaeijupr&#39;s.</span> <span class='ocrx_word' id='word_1_326' title='bbox 437 3688 507 3743; x_wconf 90' lang='lat' dir='ltr'>Vide</span> <span class='ocrx_word' id='word_1_327' title='bbox 522 3708 581 3761; x_wconf 83' lang='lat' dir='ltr'>quse</span> <span class='ocrx_word' id='word_1_328' title='bbox 595 3687 639 3742; x_wconf 90' lang='lat' dir='ltr'>di·</span> <span class='ocrx_word' id='word_1_329' title='bbox 681 3691 730 3743; x_wconf 85' lang='lat' dir='ltr'>lih·</span> <span class='ocrx_word' id='word_1_330' title='bbox 745 3692 805 3754; x_wconf 43' lang='lat'>111¹,</span> <span class='ocrx_word' id='word_1_331' title='bbox 817 3691 921 3745; x_wconf 68' lang='lat' dir='ltr'>torsa.</span> <span class='ocrx_word' id='word_1_332' title='bbox 934 3696 974 3747; x_wconf 92' lang='lat' dir='ltr'>De</span> <span class='ocrx_word' id='word_1_333' title='bbox 984 3694 1112 3765; x_wconf 88' lang='lat' dir='ltr'>portione</span> <span class='ocrx_word' id='word_1_334' title='bbox 1122 3705 1194 3745; x_wconf 86' lang='lat' dir='ltr'>certe</span> <span class='ocrx_word' id='word_1_335' title='bbox 1289 3744 1291 3764; x_wconf 77' lang='lat'>.</span> 
     </span>
     <span class='ocr_line' id='line_1_37' title="bbox 119 3771 1195 3843; baseline 0 -18"><span class='ocrx_word' id='word_1_336' title='bbox 119 3783 162 3825; x_wconf 82' lang='lat' dir='ltr'>cta</span> <span class='ocrx_word' id='word_1_337' title='bbox 175 3784 240 3826; x_wconf 87' lang='lat' dir='ltr'>suut</span> <span class='ocrx_word' id='word_1_338' title='bbox 253 3773 301 3828; x_wconf 88' lang='lat' dir='ltr'>lib.</span> <span class='ocrx_word' id='word_1_339' title='bbox 311 3772 381 3837; x_wconf 82' lang='lat' dir='ltr'>vlt,</span> <span class='ocrx_word' id='word_1_340' title='bbox 394 3788 452 3840; x_wconf 85' lang='lat' dir='ltr'>cap.</span> <span class='ocrx_word' id='word_1_341' title='bbox 468 3788 514 3839; x_wconf 84' lang='lat'>²7·</span> <span class='ocrx_word' id='word_1_342' title='bbox 531 3771 566 3821; x_wconf 86' lang='lat' dir='ltr'>H.</span> <span class='ocrx_word' id='word_1_343' title='bbox 681 3771 863 3843; x_wconf 71' lang='lat' dir='ltr'>premiorum,</span> <span class='ocrx_word' id='word_1_344' title='bbox 874 3790 932 3843; x_wconf 85' lang='lat' dir='ltr'>quas</span> <span class='ocrx_word' id='word_1_345' title='bbox 943 3786 1003 3826; x_wconf 88' lang='lat' dir='ltr'>suut</span> <span class='ocrx_word' id='word_1_346' title='bbox 1011 3772 1138 3825; x_wconf 90' lang='lat' dir='ltr'>militibus</span> <span class='ocrx_word' id='word_1_347' title='bbox 1144 3772 1195 3825; x_wconf 89' lang='lat' dir='ltr'>siu·</span> 
     </span>
     <span class='ocr_line' id='line_1_38' title="bbox 163 3848 1195 3921; baseline 0.002 -18"><span class='ocrx_word' id='word_1_348' title='bbox 163 3868 211 3921; x_wconf 86' lang='lat'>17.</span> <span class='ocrx_word' id='word_1_349' title='bbox 222 3851 282 3905; x_wconf 79' lang='lat' dir='ltr'>lars</span> <span class='ocrx_word' id='word_1_350' title='bbox 296 3865 345 3904; x_wconf 82' lang='lat' dir='ltr'>turs</span> <span class='ocrx_word' id='word_1_351' title='bbox 360 3851 424 3903; x_wconf 78' lang='lat' dir='ltr'>illud</span> <span class='ocrx_word' id='word_1_352' title='bbox 434 3860 515 3920; x_wconf 81' lang='lat' dir='ltr'>capnt.</span> <span class='ocrx_word' id='word_1_353' title='bbox 530 3848 638 3913; x_wconf 89' lang='lat' dir='ltr'>Quode</span> <span class='ocrx_word' id='word_1_354' title='bbox 681 3851 749 3921; x_wconf 73' lang='lat' dir='ltr'>gulis</span> <span class='ocrx_word' id='word_1_355' title='bbox 758 3848 914 3917; x_wconf 84' lang='lat' dir='ltr'>distribute,</span> <span class='ocrx_word' id='word_1_356' title='bbox 925 3850 959 3905; x_wconf 87' lang='lat' dir='ltr'>ad</span> <span class='ocrx_word' id='word_1_357' title='bbox 970 3870 1061 3904; x_wconf 90' lang='lat' dir='ltr'>eorum</span> <span class='ocrx_word' id='word_1_358' title='bbox 1073 3849 1195 3905; x_wconf 86' lang='lat' dir='ltr'>codicum</span> 
     </span>
     <span class='ocr_line' id='line_1_39' title="bbox 122 3927 1196 4002; baseline 0.003 -20"><span class='ocrx_word' id='word_1_359' title='bbox 122 3931 289 4002; x_wconf 72' lang='lat' dir='ltr'>margaritis,</span> <span class='ocrx_word' id='word_1_360' title='bbox 308 3931 361 3984; x_wconf 88' lang='lat' dir='ltr'>hoc</span> <span class='ocrx_word' id='word_1_361' title='bbox 377 3942 432 3995; x_wconf 88' lang='lat' dir='ltr'>est,</span> <span class='ocrx_word' id='word_1_362' title='bbox 447 3928 563 3981; x_wconf 90' lang='lat' dir='ltr'>Orientis</span> <span class='ocrx_word' id='word_1_363' title='bbox 578 3927 637 3999; x_wconf 89' lang='lat' dir='ltr'>opi·</span> <span class='ocrx_word' id='word_1_364' title='bbox 682 3929 781 3996; x_wconf 83' lang='lat' dir='ltr'>fidem,</span> <span class='ocrx_word' id='word_1_365' title='bbox 795 3949 864 4001; x_wconf 88' lang='lat' dir='ltr'>quos</span> <span class='ocrx_word' id='word_1_366' title='bbox 878 3930 982 4002; x_wconf 88' lang='lat' dir='ltr'>sequuti</span> <span class='ocrx_word' id='word_1_367' title='bbox 1001 3948 1106 3995; x_wconf 86' lang='lat' dir='ltr'>sumus,</span> <span class='ocrx_word' id='word_1_368' title='bbox 1122 3950 1196 3985; x_wconf 85' lang='lat' dir='ltr'>ncce-</span> 
     </span>
     <span class='ocr_line' id='line_1_40' title="bbox 120 4008 1197 4083; baseline 0.003 -22"><span class='ocrx_word' id='word_1_369' title='bbox 120 4009 186 4075; x_wconf 88' lang='lat' dir='ltr'>bus,</span> <span class='ocrx_word' id='word_1_370' title='bbox 201 4012 313 4066; x_wconf 86' lang='lat' dir='ltr'>thorace</span> <span class='ocrx_word' id='word_1_371' title='bbox 327 4023 417 4075; x_wconf 86' lang='lat' dir='ltr'>tenus,</span> <span class='ocrx_word' id='word_1_372' title='bbox 432 4020 462 4061; x_wconf 89' lang='lat' dir='ltr'>ut</span> <span class='ocrx_word' id='word_1_373' title='bbox 476 4008 559 4073; x_wconf 87' lang='lat' dir='ltr'>solet,</span> <span class='ocrx_word' id='word_1_374' title='bbox 573 4025 638 4061; x_wconf 84' lang='lat' dir='ltr'>oon·</span> <span class='ocrx_word' id='word_1_375' title='bbox 682 4008 724 4062; x_wconf 85' lang='lat' dir='ltr'>dit</span> <span class='ocrx_word' id='word_1_376' title='bbox 734 4010 876 4065; x_wconf 87' lang='lat' dir='ltr'>auctoritas</span> <span class='ocrx_word' id='word_1_377' title='bbox 883 4010 1002 4083; x_wconf 80' lang='lat' dir='ltr'>Appiani</span> <span class='ocrx_word' id='word_1_378' title='bbox 1011 4028 1041 4063; x_wconf 88' lang='lat' dir='ltr'>sc</span> <span class='ocrx_word' id='word_1_379' title='bbox 1051 4010 1197 4076; x_wconf 84' lang='lat' dir='ltr'>Plutarchi,</span> 
     </span>
     <span class='ocr_line' id='line_1_41' title="bbox 121 4084 1197 4162; baseline 0.004 -23"><span class='ocrx_word' id='word_1_380' title='bbox 121 4086 226 4149; x_wconf 88' lang='lat' dir='ltr'>datum,</span> <span class='ocrx_word' id='word_1_381' title='bbox 236 4109 267 4143; x_wconf 90' lang='lat' dir='ltr'>es</span> <span class='ocrx_word' id='word_1_382' title='bbox 275 4088 406 4161; x_wconf 89' lang='lat' dir='ltr'>triumphi</span> <span class='ocrx_word' id='word_1_383' title='bbox 411 4106 512 4159; x_wconf 83' lang='lat' dir='ltr'>pompa</span> <span class='ocrx_word' id='word_1_384' title='bbox 522 4084 640 4140; x_wconf 87' lang='lat' dir='ltr'>delatum</span> <span class='ocrx_word' id='word_1_385' title='bbox 684 4106 699 4141; x_wconf 89' lang='lat' dir='ltr'>a</span> <span class='ocrx_word' id='word_1_386' title='bbox 712 4088 810 4158; x_wconf 88' lang='lat' dir='ltr'>quibus</span> <span class='ocrx_word' id='word_1_387' title='bbox 821 4087 888 4143; x_wconf 90' lang='lat' dir='ltr'>illud</span> <span class='ocrx_word' id='word_1_388' title='bbox 898 4090 986 4162; x_wconf 88' lang='lat' dir='ltr'>ipsum</span> <span class='ocrx_word' id='word_1_389' title='bbox 1000 4089 1135 4143; x_wconf 70' lang='lat' dir='ltr'>memorie</span> <span class='ocrx_word' id='word_1_390' title='bbox 1143 4100 1197 4143; x_wconf 82' lang='lat' dir='ltr'>&#39;tra-</span> 
     </span>
     <span class='ocr_line' id='line_1_42' title="bbox 121 4164 1198 4239; baseline 0.004 -20"><span class='ocrx_word' id='word_1_391' title='bbox 121 4179 162 4221; x_wconf 84' lang='lat' dir='ltr'>est</span> <span class='ocrx_word' id='word_1_392' title='bbox 172 4187 180 4219; x_wconf 84' lang='grc' dir='ltr'><strong>ι</strong></span> <span class='ocrx_word' id='word_1_393' title='bbox 192 4168 306 4239; x_wconf 84' lang='lat' dir='ltr'>perinde</span> <span class='ocrx_word' id='word_1_394' title='bbox 315 4188 345 4224; x_wconf 89' lang='lat' dir='ltr'>ac</span> <span class='ocrx_word' id='word_1_395' title='bbox 355 4169 377 4224; x_wconf 88' lang='lat' dir='ltr'>si</span> <span class='ocrx_word' id='word_1_396' title='bbox 389 4185 488 4222; x_wconf 82' lang='lat' dir='ltr'>serrum</span> <span class='ocrx_word' id='word_1_397' title='bbox 498 4164 567 4220; x_wconf 88' lang='lat' dir='ltr'>illud</span> <span class='ocrx_word' id='word_1_398' title='bbox 579 4164 642 4220; x_wconf 90' lang='lat' dir='ltr'>deo·</span> <span class='ocrx_word' id='word_1_399' title='bbox 685 4166 772 4233; x_wconf 87' lang='lat' dir='ltr'>ditum</span> <span class='ocrx_word' id='word_1_400' title='bbox 786 4180 833 4222; x_wconf 86' lang='lat' dir='ltr'>est.</span> <span class='ocrx_word' id='word_1_401' title='bbox 847 4169 895 4223; x_wconf 88' lang='lat' dir='ltr'>Ille</span> <span class='ocrx_word' id='word_1_402' title='bbox 909 4170 997 4237; x_wconf 90' lang='lat' dir='ltr'>enim,</span> <span class='ocrx_word' id='word_1_403' title='bbox 1010 4169 1058 4224; x_wconf 90' lang='lat' dir='ltr'>lib.</span> <span class='ocrx_word' id='word_1_404' title='bbox 1075 4168 1108 4223; x_wconf 92' lang='lat' dir='ltr'>de</span> <span class='ocrx_word' id='word_1_405' title='bbox 1121 4171 1198 4225; x_wconf 89' lang='lat' dir='ltr'>bellis</span> 
     </span>
    </p>
   </div>
   <div class='ocr_carea' id='block_1_8' title="bbox 1202 4444 1213 4475">
    <p class='ocr_par' dir='ltr' id='par_1_8' title="bbox 1202 4444 1213 4475">
     <span class='ocr_line' id='line_1_43' title="bbox 1202 4444 1213 4475; baseline 0 0"><span class='ocrx_word' id='word_1_406' title='bbox 1202 4444 1213 4475; x_wconf 86' lang='grc' dir='ltr'><strong><em>Ι</em></strong></span> 
     </span>
    </p>
   </div>
   <div class='ocr_carea' id='block_1_9' title="bbox 0 0 1557 5125">
    <p class='ocr_par' dir='ltr' id='par_1_9' title="bbox 0 0 1557 5125">
     <span class='ocr_line' id='line_1_44' title="bbox 0 0 1557 5125; baseline 0 0"><span class='ocrx_word' id='word_1_407' title='bbox 0 0 1557 5125; x_wconf 95' lang='lat' dir='ltr'> </span> 
     </span>
    </p>
   </div>
  </div>
 </body>
</html>
