3100 5125
360 513 436 588 316
625 525 662 591 C.
692 523 860 592 PLINII
889 521 997 592 NA'I'.
1026 523 1152 592 HlST.

328 669 339 702 ¹
413 652 574 720 XXXIV.
594 641 705 744 (vrri.)
719 655 820 724 Nunc
832 653 977 724 celebres
988 655 1021 721 in
1032 677 1069 721 ea
1081 666 1152 722 arte
1165 677 1263 746 quam
1282 654 1427 720 maxima

362 753 525 825 brevitate
543 782 754 852 percurram:
771 761 974 855 nequeenim
986 759 1125 828 instituti
1138 759 1248 852 operis
1265 772 1316 826 cst
1333 755 1424 826 talis¹

360 863 537 931 exsecutio.
556 866 672 958 Itaque
689 867 849 960 quosdam
866 865 917 936 v'el
935 867 967 933 in
987 862 1210 952 transcursu²,
1228 879 1261 932 et
1280 865 1313 932 in
1340 860 1425 930 alio·

360 992 434 1035 rum
449 970 616 1038 mentione
626 971 734 1041 obiter
744 974 930 1042 nominasse
941 971 1018 1040 satis
1030 972 1110 1058 erit,
1122 972 1268 1064 exceptis
1281 993 1425 1063 operum

359 1070 561 1142 claritatibus
569 1060 592 1159 ³,
611 1100 685 1170 quae
701 1093 736 1147 et
753 1081 823 1173 ipsa
842 1079 1018 1148 conveniet
1035 1077 1172 1169 attingi,
1189 1077 1257 1144 sive
1274 1089 1425 1154 exstant,

357 1178 426 1246 sive
441 1179 646 1250 intercidere.
665 1185 742 1252 Non
756 1199 888 1254 constat
905 1183 965 1252 sibi
982 1185 1015 1252 in
1033 1183 1096 1251 lrac
1114 1196 1207 1275 parte
1227 1185 1423 1250 Graecorum

358 1282 539 1378 diligentia,
562 1287 683 1356 multas
703 1306 779 1383 post
803 1287 1018 1384 Olympiadas
1042 1286 1240 1357 celebrando
1262 1289 1424 1381 pictores,

358 1414 458 1483 quam
472 1394 647 1463 statuarios
658 1381 681 1481 ⁴,
694 1419 733 1464 ac
750 1411 917 1478 toreutas3
931 1396 1139 1489 primumque
1158 1392 1355 1486 Olympiade
1371 1415 1426 1457 no

360 1499 540 1589 nagesima‚
558 1524 660 1594 quum
679 1515 712 1569 ct
732 1502 882 1571 Phidiam
900 1485 1026 1594 ipsum⁵
1037 1501 1129 1568 initio
1148 1501 1308 1594 pictorem
1323 1498 1424 1565 fuisse

359 1601 519 1689 tradatur,
533 1603 792 1702 Olympiumque
806 1607 944 1677 Athenis
960 1606 1002 1674 ab
1023 1630 1064 1674 eo
1083 1589 1221 1700 pictum⁶
1239 1630 1246 1672 :
1267 1617 1425 1698 praeterea

360 1799 419 1852 pag.
432 1801 479 1852 77.
495 1781 539 1835 Sic
552 1784 719 1854 appellabant
738 1785 867 1856 templum
911 1784 996 1838 ruisse
1017 1795 1095 1854 atque
1113 1782 1306 1835 demonstrasse
1329 1783 1425 1834 merito

360 1861 451 1913 Iliense
461 1861 576 1914 Aricinae
590 1864 617 1914 in
629 1882 738 1916 nemore
746 1865 868 1934 positum.
909 1863 1055 1934 judicatur.
1077 1889 1090 1908 ι
1112 1863 1143 1914 In
1167 1861 1322 1914 auctoribus
1342 1860 1426 1914 libro-

359 1939 505 2006 Strabo,V‚
516 1959 578 2013 pag.
593 1943 648 2010 239
660 1960 668 1995 t
678 1939 752 1995 dei
765 1935 870 2014 Ᾰρτιμὶ-
911 1961 971 1996 rum
992 1931 1114 1994 ltxxm
1135 1951 1161 1993 et
1183 1940 1313 2002 XXXIV,
1328 1939 1426 1992 Mene·

358 2020 445 2084 esas‚l
459 2026 560 2073 καλοῦσι
571 2023 733 2092 Nipoc...'lbie
744 2021 774 2075 <ll
786 2015 870 2093 Ipsal-
911 2022 1033 2086 ahman·
1043 2021 1089 2091 qui
1098 2019 1132 2074 de
1143 2020 1271 2072 toreutice
1281 2017 1396 2088 scripsit.
1410 2045 1421 2066 ·

358 2117 399 2160 tte
413 2100 441 2150 el
457 2100 533 2169 lapis,
548 2113 599 2154 etc.
615 2100 729 2154 Ovidius
746 2121 753 2154 ι
770 2128 782 2149 ι
801 2103 869 2156 Ecce
911 2101 946 2153 Et
959 2113 1021 2154 nota
1035 2110 1175 2151 conternata.
1194 2099 1238 2152 Sic
1252 2099 1370 2160 invenit,
1385 2099 1423 2152 sic

356 2179 515 2231 suburbanae
550 2181 677 2250 templum
713 2199 869 2234 nemorense
912 2177 1420 2250 expedieithunclocumetPiutianus:

358 2255 456 2310 Dianae.
468 2257 711 2329 »Etsecerdosejus
718 2279 767 2313 rex
774 2263 871 2314 Nemo·
911 2258 957 2312 sed
974 2262 1001 2312 ri
1016 2272 1076 2320 tan,
1096 2259 1123 2311 la
1139 2275 1194 2329 quo
1210 2257 1254 2310 ille
1267 2255 1424 2310 collocando

356 2337 439 2388 reneis
452 2338 642 2410 appellabatur.
654 2341 693 2392 De
704 2340 792 2393 Aricia
801 2340 869 2392 Latii
912 2339 1027 2404 laborat,
1042 2351 1156 2409 quatuor
1175 2337 1260 2390 nostri
1274 2353 1332 2388 non
1342 2355 1425 2408 agno-

357 2413 459 2486 oppido
472 2415 590 2470 diximus
604 2418 631 2471 in
646 2418 801 2491 Geograph.
817 2421 869 2472 111.
911 2431 996 2472 scunt.
1020 2417 1053 2470 Et
1076 2429 1147 2470 uerte
1167 2416 1247 2468 Plinii
1267 2433 1342 2468 mens
1355 2415 1425 2468 illud

357 2493 393 2547 II.
407 2525 447 2537 —
464 2499 495 2549 Ia
510 2517 602 2550 nemore
621 2499 719 2550 Dianae.
735 2501 781 2551 Est
794 2499 869 2552 lucus
911 2495 1049 2569 repudiat,
1063 2493 1287 2569 quemadmodum
1301 2491 1374 2565 (quas
1388 2495 1425 2546 al·

358 2574 867 2649 DiauzeinsuburbanoTusculaniagri,
912 2591 968 2631 tere
989 2575 1103 2631 Pintiani
1132 2578 1284 2646 conjectura
1311 2566 1373 2643 est)
1396 2578 1425 2628 τὸ

358 2653 485 2722 chati,
500 2658 582 2722 cullet
596 2658 697 2728 dequo
711 2657 813 2711 dictum
828 2677 870 2710 su·
911 2677 982 2729 priam
1004 2654 1074 2709 demi
1097 2674 1152 2708 uon
1178 2656 1286 2727 patitur.
1311 2654 1426 2707 Miratur

357 2752 405 2804 pra
423 2735 471 2789 lib.
488 2737 569 2798 XVI,
583 2756 641 2808 cap.
659 2755 704 2804 9¹·
723 2738 765 2791 Cf.
782 2737 867 2791 Tacit.
911 2737 982 2789 euim
997 2736 1076 2789 luisse
1090 2735 1136 2806 qui
1149 2734 1307 2794 scriberent,
1321 2734 1426 2787 nobiles

357 2812 457 2867 annal.
470 2816 519 2867 lib.
532 2817 600 2880 XII,
612 2835 669 2887 cap.
683 2819 709 2869 ll.
724 2818 808 2870 Bnor.
910 2815 1049 2870 statuarios
1066 2827 1093 2868 et
1110 2826 1226 2867 toreutas
1240 2813 1365 2866 claruisse
1377 2810 1424 2865 ali-

395 2892 529 2948 XXXIV.
541 2912 565 2948 1.
578 2896 655 2947 Talis.
666 2896 739 2948 Brut.
749 2915 782 2948 ea
792 2895 868 2950 MSS.
912 2908 978 2967 quot
998 2892 1203 2967 Olympiadibus
1223 2907 1362 2963 antequam
1384 2894 1426 2963 pi-

357 2972 425 3043 fleg.
435 2972 525 3027 Dalec.
539 2988 566 3027 et
577 2974 620 3026 ed.
632 2974 769 3046 principe,
787 2975 869 3046 ampla
911 2987 1010 3036 atores,
1042 2986 1068 3027 et
1096 2974 1145 3025 hos
1176 2973 1285 3044 caepisse
1315 2969 1423 3023 demum

356 3056 482 3105 exsecutio.
497 3054 549 3107 Eu.
910 3054 983 3107 nosci
990 3052 1150 3125 Olympiade
1157 3052 1423 3121 nonagesima,quum

398 3150 424 3185 s.
440 3132 526 3184 Velia
538 3145 626 3186 traase.
638 3134 710 3186 Brut.
721 3152 753 3186 ex
768 3135 835 3205 lieg.
851 3132 866 3187 5
910 3146 1011 3187 constet
1029 3130 1168 3196 Phidiam,
1184 3144 1232 3184 etc.
1244 3130 1371 3184 Gronov.
1386 3162 1425 3173 -

356 3222 383 3262 et
393 3210 435 3263 cd.
447 3213 533 3282 priuc.
545 3213 612 3265 velut
623 3216 648 3264 ia
660 3225 748 3265 tmase.
764 3214 817 3266 Eu.
911 3210 1048 3284 Τοριυτὰς,
1058 3212 1203 3275 caelatores,
1213 3211 1256 3263 vel
1267 3210 1347 3263 etiam
1356 3210 1425 3262 scul-

397 3288 423 3341 3.
440 3292 545 3361 Operum
557 3293 715 3345 claritatibus.
731 3292 867 3363 Operibus
912 3304 1018 3364 ptores,
1028 3292 1063 3344 eit
1073 3292 1226 3345 ramosas.
1235 3292 1289 3343 En.

356 3368 513 3425 clarioribus
526 3394 534 3435 3
547 3384 576 3424 ut
587 3373 651 3425 alibi
661 3372 784 3424 lietbertum
797 3374 870 3425 clari·
954 3370 981 3427 5.
999 3372 1078 3441 Quum
1096 3383 1119 3421 et
1134 3369 1247 3421 Pisidiam
1267 3372 1356 3440 ipsam,
1373 3380 1423 3421 etc.

358 3460 410 3512 tas,
421 3468 472 3520 pro
487 3451 627 3504 clarioribus
639 3452 724 3504 baebia
735 3454 788 3505 En.
912 3451 998 3516 Quem
1012 3450 1131 3503 floruisse
1140 3448 1252 3521 Olymp.
1262 3466 1373 3513 cxxxiv,
1385 3466 1428 3499 su·

398 3535 424 3590 i.
443 3530 505 3581 Yam
527 3531 613 3583 nata
631 3545 687 3602 post
709 3531 869 3602 Olympiadas
910 3530 1017 3603 periore
1026 3530 1095 3583 libro
1107 3527 1317 3599 indicavit‚cap.
1334 3544 1379 3595 ¹9·
1390 3528 1421 3579 ll.

356 3606 497 3660 celebrando
512 3613 630 3680 pictores,
650 3632 720 3685 quom
737 3616 869 3663 statuariae
954 3613 979 3663 6.
997 3609 1179 3680 Olympiumque
1189 3607 1292 3660 Athenis
1304 3606 1336 3657 ab
1348 3627 1377 3659 eo
1386 3612 1426 3675 pi·

356 3699 464 3739 erectores
479 3679 528 3757 (sic
551 3685 648 3761 prius).
667 3691 722 3756 Qui
744 3702 805 3743 sunt
823 3690 868 3744 isti
911 3702 983 3742 ctum.
996 3689 1099 3754 Quaeris
1110 3688 1170 3759 quis
1177 3687 1211 3739 sit
1222 3687 1271 3739 iste
1282 3686 1425 3757 Olympius?

356 3780 464 3819 auctores
472 3764 610 3821 statuarii?
616 3770 696 3823 vore.
710 3770 869 3824 ostatusrios
912 3768 1035 3821 Pericles.
1057 3768 1117 3820 Lib.
1140 3766 1276 3830 XXXIV,
1300 3768 1316 3819 8
1337 3788 1343 3818 ι
1366 3786 1377 3808 ·
1391 3766 1426 3817 Et

355 3857 445 3899 actore
464 3858 495 3900 ut
507 3848 553 3901 hus
568 3848 746 3921 primumque.
764 3874 776 3895 ι
796 3849 866 3919 Lege
912 3848 1069 3920 Olympium
1092 3845 1220 3899 Periclem
1246 3843 1359 3915 dignum
1380 3862 1425 3895 co·

356 3924 412 3977 eine
424 3924 511 3979 dubio
526 3948 615 3999 :quem
634 3931 765 3982 statuarios
785 3948 815 3979 aa
831 3941 867 3981 ta·
909 3926 1044 3999 gnomine.
1063 3951 1074 3973 ι
1091 3928 1269 3996 iterumque:
1287 3950 1298 3971 ι
1316 3923 1425 3975 Periclis

356 4017 444 4059 metas.
457 4006 532 4071 Quos
539 4006 603 4059 alibi
614 4008 736 4061 caelatores
745 4020 829 4065 vocat.
840 4021 867 4063 et
910 4006 1032 4079 Olympii
1043 4005 1151 4059 vernula
1166 4004 1209 4057 bic
1220 4002 1281 4056 luit.
1295 4028 1307 4050 ι
1323 4000 1424 4054 Diodo-

355 4096 439 4136 artem
449 4086 558 4138 illorum
575 4091 723 4139 toreuticen:
737 4105 796 4158 cap.
814 4106 865 4139 ro:
911 4104 956 4139 ras
980 4086 1087 4139 Siculus
1109 4084 1155 4137 lib.
1185 4084 1261 4136 XII:
1282 4086 1371 4135 Ταῦτα
1392 4076 1423 4133 di

358 4189 370 4209 ι
382 4164 537 4236 primusque
547 4179 630 4220 artem
645 4168 791 4221 toreuticen
805 4184 867 4237 ape·
910 4162 1000 4235 §edice
1014 4166 1153 4219 scissitans
1165 4157 1210 4215 tie
1229 4163 1272 4220 τὴν
1291 4158 1423 4217 dissicere
