3100 5125
359 613 427 660 220
620 592 661 660 C.
686 591 858 660 PLlNll
883 593 993 663 NAT.
1019 591 1150 660 HIST.

357 722 547 808 scrobibus,
568 722 642 791 flori
659 723 729 816 ejus
749 723 839 792 luteo
859 727 1016 794 miscente
1034 749 1068 794 se
1087 723 1166 818 ligni
1187 722 1275 817 pinei
1294 723 1412 793 favilla.

357 831 486 898 Revera
502 843 613 897 autem
631 853 651 896 e
670 829 858 924 supradicto
876 831 915 898 lit
929 829 1051 925 lapide,
1068 842 1259 899 concretum
1278 844 1413 912 natura,

306 1024 316 1038 .
356 935 609 1064 discretumque
611 936 812 1029 etoptrmum
821 936 1057 1030 rnCypnorum
1066 934 1218 1004 officinis
1227 935 1414 1027 cujusnotre

357 1054 435 1108 sunt
434 1025 546 1109 ³fn'ati
563 1063 670 1108 aureae
683 1039 849 1123 scintillae,
869 1055 901 1108 et
923 1065 1023 1134 quum
1040 1054 1182 1124 teratur,
1199 1037 1338 1108 arenosa
1355 1063 1411 1106 na·

355 1159 448 1226 tura,
470 1145 543 1214 sive
559 1159 683 1230 terrea,
706 1144 871 1214 chalcitidi
893 1143 1014 1214 similis.
1040 1149 1114 1213 Hoc
1139 1094 1338 1227 admiscent,
1356 1147 1412 1237 qui

357 1273 474 1318 aurum
492 1254 648 1344 purgant
663 1199 795 1318 Utilitas
820 1256 889 1340 ejus
911 1251 1009 1319 infusi
1027 1274 1101 1318 cum
1124 1273 1258 1319 rosaceo
1280 1249 1413 1318 auribus

325 1385 339 1419 2
358 1353 564 1448 purulentis:
581 1370 615 1423 et
631 1356 664 1423 in
684 1353 758 1422 lana
780 1357 940 1450 impositi,
963 1357 1079 1449 capitis
1099 1354 1296 1425 hulceribus.
1314 1359 1413 1423 Exte-

357 1475 436 1528 nuat
447 1462 544 1528 etiam
556 1461 725 1529 scabritias
739 1460 910 1556 oculorum
929 1464 1135 1530 inveteratas.
1147 1463 1314 1554 Praecipue
1333 1459 1414 1528 utile

356 1564 511 1651 tonsillis,
530 1580 711 1660 contraque
728 1569 887 1660 anginas,
907 1582 941 1636 et
961 1581 1151 1661 suppurata.
1170 1567 1283 1650 Ratio,
1302 1579 1340 1633 ut
1361 1590 1412 1632 se-

355 1670 461 1740 decim
480 1671 645 1740 drachma
661 1672 696 1751 in
711 1671 845 1742 hemina
860 1675 944 1742 aceti
962 1686 1147 1766 coquantur
1168 1671 1280 1741 addito
1298 1669 1413 1756 melle,

357 1775 463 1845 donec
482 1776 647 1846 lentescat
668 1779 720 1846 Sic
741 1778 783 1846 ad
800 1779 985 1872 supradicta
1007 1777 1085 1846 utile
1098 1792 1158 1847 est.
1174 1778 1312 1866 Quoties
1328 1801 1414 1870 opus

357 1883 400 1950 sit
422 1880 596 1950 molliri
564 1908 631 1951 vim
658 1883 750 1974 ejus,
775 1883 840 1952 mel
862 1885 1079 1978 adspergitur.
1103 1883 1219 1952 Erodit
1241 1898 1273 1952 et
1293 1881 1413 1952 callum

357 1985 561 2073 fistularum,
589 2013 629 2056 ex
657 1976 767 2058 aceto
794 1989 1006 2059 foventium.
1036 2003 1070 2058 ct
1099 1987 1241 2083 collyriis
1269 1988 1411 2057 additur.

311 2180 313 2183 Ι
355 2093 446 2160 Sistit
462 2109 495 2161 et
515 2094 722 2188 sanguinem,
740 2092 940 2188 hulceraque
961 2119 1033 2188 quae
1053 2109 1202 2188 serpant,
1222 2117 1336 2187 quaeve
1354 2119 1413 2187 pu·

355 2213 507 2267 trescant.
528 2199 677 2267 Absumit
697 2214 731 2268 et
749 2216 974 2270 excrescentes
992 2225 1115 2270 carnes.
1137 2198 1346 2280 Peculiariter
1364 2200 1411 2266 vi·

355 2301 481 2372 rilitatis
496 2305 584 2372 vitiis
606 2303 711 2372 utile:
732 2319 766 2374 et
786 2305 979 2374 feminarum
1000 2305 1198 2399 profluvium
1220 2307 1311 2373 sistit.

325 2439 336 2471 r
408 2410 555 2476 xxxll.
578 2411 687 2506 Graeci
706 2409 953 2504 cognationem
973 2414 1046 2480 aeris
1062 2411 1193 2478 nornine
1200 2409 1361 2477 lecerunt
1379 2421 1414 2476 et

317 2574 321 2581 .
355 2528 540 2584 atramento
560 2503 697 2585 sutorio.
726 2515 904 2611 Appellant
932 2519 1019 2585 euim
1050 2503 1312 2586 chalcanthum.
1339 2515 1412 2583 Nec

354 2618 451 2689 ullius
467 2646 561 2750 aeque
579 2623 661 2689 mira
684 2637 802 2690 natura
823 2638 881 2693 est.
904 2625 980 2691 Fit
973 2648 1006 2691 ru
1025 2624 1188 2716 Hispania
1214 2622 1320 2757 puteis
1345 2634 1411 2688 sta·

355 2712 497 2819 gnisve³‚
524 2726 558 2793 id
573 2750 676 2818 genus
698 2751 790 2821 aquae
808 2723 1016 2797 habentibus.
1040 2729 1244 2821 Decoquitur
1263 2750 1331 2811 ea,
1308 2714 1411 2792 lad-

309 2925 314 2935 .
353 2832 454 2899 mixta
468 2828 557 2899 dulci
575 2832 650 2924 pari
660 2857 830 2915 mensura,
848 2848 881 2903 et
901 2834 934 2901 in
956 2834 1096 2927 piscinas
1113 2832 1236 2926 ligneas
1251 2780 1411 2899 funditur.

393 3002 418 3055 3.
447 3002 522 3065 Caius
537 3014 601 3053 notoe
615 3014 686 3067 sunt,
702 3016 753 3055 etc.
770 3005 858 3057 Diosc.
906 3005 956 3057 alla
970 3023 1014 3068 re,
1029 3004 1080 3056 nisi
1097 3004 1170 3059 vocis
1190 3023 1255 3056 sono
1273 3006 1411 3057 connexis.

353 3081 403 3134 loc.
412 3081 457 3135 cit.
467 3081 535 3133 Minu
545 3078 575 3134 dl
585 3084 758 3151 παραληπτέον
769 3084 797 3135 rb
809 3087 861 3135 Kb·
947 3104 972 3137 a·
997 3084 1130 3153 Appellant
1154 3086 1214 3134 eninr
1234 3083 1412 3135 chalcanthum.

256 3203 259 3209 ,
352 3180 421 3230 septas
429 3200 437 3222 ,
446 3159 603 3230 ypueapaslc,
617 3163 728 3231 σκληρὸν,
738 3160 781 3213 nal
792 3164 815 3213 is
824 3170 859 3233 τῷ
905 3162 1045 3215 Χὲλκανθιν
1063 3163 1168 3223 Nostri,
1183 3163 1216 3213 du
1231 3163 1318 3213 ‘uitrici
1324 3199 1333 3225 ,
1344 3164 1375 3213 de
1387 3165 1413 3215 lu

351 3244 495 3310 θραυσθῆναι
515 3241 638 3305 poecilos,
660 3240 702 3292 nni
726 3239 859 3301 ἀποςίλῧον
903 3260 1034 3310 corrpemse.
1051 3242 1084 3293 ll.
1106 3273 1146 3283 -
1163 3241 1204 3293 Cf.
1219 3240 1253 3292 de
1266 3242 1412 3295 Calcantho

274 3312 278 3317 ’
352 3315 609 3390 &repastinenldisy
619 3317 806 3381 assumendum
818 3338 861 3373 na·
904 3320 967 3373 Ere.
978 3322 1007 3373 11
1021 3318 1054 3372 ad
1066 3320 1162 3373 calcem
1173 3319 1286 3391 huj.lih.
1298 3320 1349 3371 Eo.

353 3398 424 3451 tione
436 3396 585 3469 Cyprium,
605 3398 662 3449 auri
675 3398 789 3468 speciem
805 3417 860 3468 praa
944 3397 971 3449 3.
983 3399 1026 3451 Fit
1039 3412 1064 3450 et
1076 3402 1101 3450 in
1114 3400 1236 3469 Hispania
1250 3402 1349 3468 epatris
1361 3412 1412 3451 sta-

302 3468 304 3471 *
351 3496 379 3529 se
404 3478 505 3540 ferens,
533 3493 564 3527 ac
589 3475 701 3537 durum,
732 3477 860 3548 qnodque
902 3472 1053 3547 gnisve(sic
1066 3478 1140 3547 prius
1150 3468 1169 3545 l
1185 3478 1292 3529 Rectius
1306 3478 1334 3528 in
1357 3490 1411 3530 vet.

352 3553 416 3607 dum
429 3555 533 3617 friatur,
546 3556 631 3608 aureis
641 3556 720 3607 micet
728 3556 859 3622 scintillis,
902 3556 962 3611 cod.
969 3556 1006 3625 fit
1019 3562 1043 3609 in
1056 3557 1183 3627 Hispaniae
1191 3560 1270 3627 puteis
1281 3560 1409 3625 stagnisve.

351 3652 382 3687 ac
392 3634 473 3687 stellae
484 3631 564 3685 modo
578 3633 750 3704 splendescat.
765 3660 777 3681 ι
791 3635 824 3687 Η.
903 3635 969 3687 Dur..
988 3666 1027 3677 -
1042 3636 1093 3687 Fit.
1109 3637 1171 3688 Huc
1192 3634 1301 3688 totidem
1324 3637 1411 3689 verbis

393 3721 420 3778 4.
450 3714 493 3763 Ex
512 3725 588 3767 aceto.
610 3714 647 3765 lis
666 3714 713 3784 qui
732 3731 765 3765 ex
783 3726 858 3767 aceto
902 3713 964 3767 [sid.
985 3714 1075 3785 Origg.
1097 3715 1177 3777 XVI,
1204 3735 1228 3769 a.
1251 3714 1347 3783 Dispar
1366 3716 1413 3768 ali·

352 3792 452 3845 listulas
467 3792 558 3843 forent
568 3793 643 3862 misy.
658 3794 748 3844 Hirro.
902 3807 1028 3863 qnantum
1049 3792 1196 3846 Dioscorid.
1220 3794 1286 3845 ratio
1310 3806 1360 3855 est,
1375 3795 1411 3857 V,

391 3872 506 3923 XXXII.
530 3889 555 3922 1.
579 3870 662 3924 Groeci
684 3874 857 3940 cognationem.
907 3878 971 3935 114.
991 3870 1081 3923 ilino.

352 3952 428 4003 Hane
452 3949 570 4001 nominis
595 3949 764 4013 affinitatem,
787 3948 857 4003 idem
945 3958 970 4013 4.
987 3951 1134 4019 Decoquitnr
1153 3970 1190 4003 ra.
1207 3940 1323 4021 ideoque
1343 3953 1411 4020 lpt'ns

352 4029 415 4081 alibi
426 4027 598 4099 gentilitatem
617 4040 710 4081 vocat:
726 4032 803 4100 cujus
813 4048 858 4082 oc·
902 4029 1009 4095 dieitur,
1023 4030 1078 4083 aliis
1089 4029 1256 4100 prestantius
1271 4027 1305 4081 ad
1322 4030 1412 4099 nigras

352 4108 582 4169 rasione,utrlias
598 4110 763 4173 monuimus,
776 4108 810 4161 de
822 4128 859 4160 re·
903 4108 1046 4174 tincturas,
1066 4108 1100 4161 nd
1121 4127 1197 4161 usum
1217 4106 1352 4161 medicina
1371 4108 1414 4159 iu-

351 4184 401 4237 bus
420 4187 473 4256 agit
496 4188 595 4258 alioqui
618 4185 782 4259 disparibus,
810 4206 858 4240 nce
903 4187 1205 4241 validiusnioscbrr..
