3100 5125
355 477 428 551 638
622 480 662 548 C.
689 479 857 550 PLINII
880 480 993 550 MT.
1019 479 1147 548 HlST.

355 610 626 744 quatemus-agdi.
653 611 797 707 Singulis
828 627 939 682 autem
957 613 1079 682 Graeci
1099 611 1233 680 nomina
1256 635 1299 680 ex
1317 635 1421 707 argu-

356 733 470 788 mento
477 703 641 787 ⁶.dedere
671 719 804 807 Quarta
825 719 913 814 apud
935 743 992 786 eos
1011 731 1151 786 vocatur
1176 716 1314 802 Borea⁷,
1342 717 1421 788 caelo

357 823 540 907 autumnali
559 823 725 893 matutino
741 824 876 894 similis·
891 839 925 893 et
942 823 1015 893 haec
1033 825 1096 892 erit
1111 821 1180 907 illa,
1183 847 1267 950 quae
1281 838 1422 893 vocatur

355 932 514 1000 a'erizusa.
527 929 646 998 Similis
655 945 705 999 est
715 945 749 999 et
761 931 881 1017 sardae
896 931 1021 998 imitata
1031 914 1204 998 etvrolas
1222 931 1300 998 Non
1313 931 1421 1000 minus
1533 978 1534 1020 3

357 1035 469 1105 multra
488 1035 613 1130 species
633 1035 783 1130 reliquae,
805 1037 861 1106 sed
884 1059 999 1104 omnes
1019 1037 1054 1102 in
1077 1035 1157 1104 vitio
1180 1033 1349 1114 caeruleae,
1366 1051 1422 1106 aut

323 1163 340 1218 a
358 1140 511 1236 crystallo
530 1140 670 1228 similes,
694 1157 753 1211 aut
772 1143 879 1236 myxis
887 1140 909 1210 ⁹.
932 1144 1017 1210 Item
1038 1139 1344 1224 terebinthizusa¹⁰,
1367 1144 1421 1209 im

357 1249 510 1343 proprio,
535 1262 573 1316 ut
591 1248 744 1331 arbitror,
764 1248 981 1343 cognomine,
996 1245 1087 1314 velut
1103 1271 1121 1314 e
1140 1243 1252 1314 multis
1271 1246 1418 1338 ejusdem

356 1355 488 1448 generis
517 1355 699 1452 composita
728 1357 874 1449 gemmis.
914 1352 1141 1442 Quamobrem
1177 1354 1421 1470 prestantiores

276 1485 280 1492 ·
357 1457 492 1527 funda¹¹
511 1458 741 1528 clauduntur¹¹
760 1475 927 1554 patentes,
944 1482 1006 1528 nec
1025 1472 1242 1579 praeterquam
1257 1461 1421 1553 margines

357 1587 439 1633 auro
450 1563 678 1658 amplectente.
693 1568 820 1635 Vitium
830 1581 879 1636 est
894 1581 928 1635 et
942 1565 1073 1633 brevis
1065 1589 1099 1631 rn
1114 1565 1152 1694 ii³s
1165 1564 1270 1648 nitor,
1279 1579 1314 1632 et
1325 1563 1420 1662 longe

358 1669 550 1764 splendens,
564 1685 597 1740 et
610 1670 673 1757 sal,
686 1686 721 1740 et
731 1697 842 1740 omma
856 1697 928 1766 quse
938 1696 973 1739 m
984 1668 1125 1739 ceteris
1130 1656 1212 1741 {Et
1229 1672 1318 1738 vitro
1336 1670 1421 1740 adul-

356 1788 520 1844 terantur.
531 1775 632 1870 quod¹
635 1724 1035 1870 ‘inanifostumlitquum
1046 1789 1140 1844 extra
1158 1774 1324 1906 fulgorem
1336 1801 1421 1870 span

356 1895 456 1976 gunt,
477 1896 582 1976 atquc
599 1907 667 1950 non
695 1883 730 1950 in
757 1908 792 1952 se
825 1885 1003 1952 continent.
1031 1883 1103 1950 Nec
1130 1868 1299 1950 diversae*
1302 1906 1420 1975 ,quas

358 1987 551 2082 sphragidas
564 2001 685 2056 vocant
691 1987 848 2081 ,publico
861 2011 1064 2085 gemmarum
1079 1987 1258 2055 dominio
1237 2012 1277 2056 us
1292 2003 1418 2057 tantum

398 2139 426 2190 6.
440 2135 547 2188 Nona·
559 2147 745 2204 energemate.
764 2135 869 2207 Nempe
912 2136 963 2188 mis
975 2133 1110 2198 videatur,
1123 2135 1206 2205 magis
1221 2135 1333 2204 proprie
1347 2153 1380 2188 ex
1392 2153 1420 2189 es

356 2215 539 2285 πορφυρίζοντας
563 2211 696 2275 licoides,
712 2210 867 2286 ῥοδίζοντος,
911 2233 956 2278 re,
977 2214 1063 2284 inqnit
1077 2225 1182 2278 auctor,
1196 2231 1278 2284 quam
1300 2233 1332 2266 ex
1355 2226 1420 2268 tere·

357 2289 578 2364 σμιραγδίζνντνς.
591 2289 680 2344 listro.
911 2293 1006 2346 bintho
1018 2293 1222 2364 appellationem
1235 2291 1357 2347 duceret.
1368 2295 1401 2348 ll.

398 2391 426 2442 7.
418 2374 529 2424 ..Borea
546 2373 642 2442 Bipstoe
661 2373 866 2442 septemtrione·
953 2371 1110 2426 11.Frmda.
1126 2373 1206 2424 Anuli
1221 2373 1390 2426 umbilico
1368 2391 1421 2426 ern·

357 2451 409 2504 lem
421 2463 505 2505 sonat.
515 2451 607 2504 ilmn.
910 2463 1010 2522 guntur
1030 2450 1082 2513 its,
1097 2453 1251 2504 ntornnino
1273 2452 1418 2510 emineant,

398 2535 426 2587 8.
444 2532 544 2585 imitate
558 2543 583 2582 et
596 2531 686 2583 omiss.
706 2530 754 2584 Est
768 2543 796 2585 et
808 2549 867 2603 quse
911 2530 980 2585 solos
1001 2531 1131 2601 margines
1150 2532 1326 2604 amplectente
1338 2549 1419 2587 numo

357 2610 458 2666 violes
451 2612 578 2663 imitatur
593 2610 684 2663 lisso.
911 2611 1024 2665 circulo.
1039 2612 1128 2664 lltnn.

397 2709 425 2760 9.
445 2690 500 2742 Aut
512 2694 598 2761 mrsu.
612 2690 677 2760 Lep.
699 2702 744 2741 eut
751 2694 866 2760 pituita,
954 2710 1000 2744 rs.
1012 2690 1101 2743 Funde
1115 2691 1268 2743 claudentem.
1281 2690 1420 2753 Funda,ut

357 2776 391 2839 τῇ
406 2770 479 2841 μύξῃ.
492 2769 593 2823 Plinius
604 2770 729 2840 ambigns
741 2786 806 2822 voce
823 2776 865 2831 τῆς
910 2788 942 2823 ex
963 2770 1013 2823 hoc
1033 2771 1093 2823 loco
1113 2771 1283 2841 intelligitur,
1307 2772 1419 2824 circulus

356 2850 431 2920 μΰξης
444 2849 620 2902 hallucinatus
642 2861 690 2901 est.
705 2851 806 2901 Dauo.
827 2878 867 2893 -·
910 2861 949 2902 est
968 2866 999 2901 ex
1018 2868 1096 2914 auro,
1120 2850 1205 2904 aliove
1225 2849 1350 2910 metallo,
1368 2870 1419 2922 qno

357 2930 413 2983 Aut
424 2932 509 3001 myxis.
527 2928 568 2979 De
583 2928 671 2997 myxis
684 2928 788 2998 egimus
804 2929 866 2993 XV,
911 2946 1022 2998 gemma
1045 2929 1080 2981 its
1104 2942 1262 2993 nectuntur,
1278 2942 1309 2982 ut
1328 2948 1418 2983 surum

361 3025 393 3060 rs
403 3021 430 3061 et
440 3008 485 3062 13.
495 3008 600 3060 Frustra
611 3021 673 3060 tunt
684 3008 730 3078 qui
742 3011 815 3059 mucis
823 3008 867 3061 hic
910 3008 1018 3060 nonnisi
1033 3010 1162 3078 margines
1177 3008 1360 3078 amplectatur.
1374 3010 1419 3063 Pa·

356 3098 506 3158 reponunt,
517 3106 578 3139 cum
601 3086 727 3138 Salmasio
740 3088 766 3138 in
783 3087 865 3143 Soliti.
911 3086 962 3139 lem
974 3087 1046 3139 anuli
1059 3088 1104 3141 ulii
1117 3088 1266 3158 appellunt,
1277 3107 1332 3157 quo
1341 3107 1419 3141 sensu

356 3183 384 3236 p.
400 3166 451 3218 131
463 3200 471 3227 ,
482 3185 560 3237 quem
573 3184 666 3218 vocem
675 3185 788 3219 numero
800 3167 867 3219 mul·
911 3178 936 3219 et
950 3162 1080 3237 epistilium
1096 3167 1170 3219 Plato
1183 3166 1268 3232 dixit,
1282 3170 1310 3219 τὸ
1324 3188 1418 3238 aspipe-

356 3244 546 3316 titudinis,pro
554 3245 648 3315 pituita
655 3247 725 3310 nesi,
735 3259 865 3317 nusquam
910 3247 947 3316 pic
960 3253 1001 3300 τοῦ
1015 3242 1155 3299 δακτυλίου.
1170 3246 1244 3299 Idem
1269 3246 1373 3299 Plinius
1382 3244 1424 3299 ini

358 3324 500 3394 molegere
509 3324 627 3377 memini.
641 3326 706 3377 Nem
718 3342 777 3396 quae
789 3325 867 3395 pitui·
910 3326 961 3389 ira,
969 3344 1028 3396 cap.
1037 3326 1084 3388 43,
1094 3324 1128 3377 de
1137 3326 1324 3395 chrysolithis:
1334 3350 1345 3370 ι
1354 3326 1419 3379 Fun·

357 3415 391 3456 te
403 3402 429 3455 ei
440 3404 596 3456 similisesse
609 3422 625 3457 ι
638 3402 794 3457 Dioscoride
804 3423 865 3475 per·
910 3402 945 3458 (le
960 3402 1135 3458 includuntur
1150 3405 1303 3475 perspicua.
1316 3430 1328 3451 ν
1347 3404 1380 3457 Η.

356 3482 521 3544 hibetur,ea
534 3482 591 3554 ipsa
601 3494 655 3547 est,
675 3502 735 3554 quet
756 3484 867 3555 crystal·
954 3484 998 3538 rt.
1024 3486 1059 3535 Et
1081 3487 1160 3545 ornain
1187 3504 1240 3556 quie
1272 3488 1297 3535 in
1318 3488 1418 3538 steteris.

356 3562 413 3614 lum
425 3562 524 3615 refert:
538 3564 550 3614 i
564 3557 594 3614 dl
609 3559 799 3632 spoerattdiuc
820 3566 867 3615 ior·
911 3564 983 3616 Vitis
993 3564 1115 3635 superius
1125 3564 1253 3617 recensiti
1266 3563 1321 3615 iere
1333 3580 1359 3617 c.
1375 3566 1416 3617 ri.
1433 3568 1434 3575 ’

356 3642 405 3702 stite
417 3643 548 3712 φλέγματι.
564 3638 632 3701 Quat
651 3662 714 3695 vero
729 3656 767 3695 est
780 3643 866 3714 myxis
910 3642 1001 3697 litun.

356 3722 623 3792 silinisacrystallina
638 3719 788 3792 discrepare
799 3723 865 3777 iscis
952 3728 997 3785 ti.
1015 3722 1096 3789 Quod.
1112 3720 1195 3787 Quod
1216 3723 1313 3775 vitium
1335 3722 1418 3775 mani·

356 3819 429 3854 nunc
444 3801 600 3853 affirmatur.
617 3800 706 3853 Hirro.
909 3800 1060 3857 festumiit.
1077 3802 1169 3855 lituu.

400 3898 441 3932 to.
457 3881 515 3931 ltere
528 3876 866 3949 imitatoriaotptott-
953 3881 997 3933 15.
1020 3880 1072 3933 Nec
1092 3882 1201 3933 diverses.
1223 3882 1280 3935 Nec
1300 3894 1362 3933 snut
1379 3879 1418 3933 di·

355 3960 402 4018 ζων
418 3958 566 4013 Dioscoridi
579 3960 631 4011 loc.
646 3962 690 4013 cit.
710 3958 783 4029 quod
799 3972 867 4012 tere·
909 3976 990 4012 verse
1003 3961 1037 4011 eb
1053 3959 1153 4032 iaspide
1167 3978 1279 4031 gemme
1291 3979 1345 4025 ere,
1357 3978 1419 4032 ques

355 4037 442 4089 binthi
456 4040 572 4092 colorem
583 4050 763 4110 representet.
772 4039 865 4104 Quum
911 4036 1049 4110 σφραγῖδας
1063 4052 1173 4105 vocent,
1192 4041 1243 4093 hoc
1264 4052 1316 4103 est,
1333 4040 1417 4111 signs-

359 4118 790 4189 porrovelntemultiscomposits
799 4136 869 4189 gem·
912 4119 1101 4173 toriaellsan.
