3100 5125
356 448 425 519 208
625 451 664 516 C.
689 447 854 516 PLINII
880 448 989 518 Nat.
1015 448 1148 517 HIST.

355 585 431 670 lior,
444 597 478 651 et
488 581 539 650 -ad
557 582 726 652 cicatrices
736 567 760 611 ¹⁴
776 567 993 650 trahendas¹⁵.
1013 580 1135 650 Fluunt
1149 605 1190 652 er
1210 606 1249 652 ea
1268 582 1336 654 duo
1356 582 1424 654 alia

360 714 481 785 genera
490 675 531 752 ¹⁶:
548 687 711 782 onychitis
721 685 745 725 ¹⁷
761 701 854 758 extra
868 711 961 783 paene
981 686 1135 774 caerulea,
1152 689 1241 758 intus
1258 691 1425 784 onychitae

360 795 497 866 maculis
510 794 635 863 similis.
650 795 824 863 Ostracitis
840 808 909 863 tota
920 795 1030 888 nigra,
1044 807 1077 861 et
1092 795 1248 864 ecaeteris
1262 795 1425 880 sordidis-

326 911 343 967 t
362 905 462 987 sima,
478 899 669 969 vulneribus
683 901 824 968 maxime
839 898 937 969 utilis.
953 901 1071 968 Omnis
1087 914 1196 969 autem
1211 887 1371 971 cadmia¹⁸
1386 903 1425 969 in

334 1004 338 1012 ’
362 1009 466 1102 Cypri
484 1006 674 1075 fornacibus
691 1007 836 1099 optima,
858 1008 1042 1099 iterumque
1066 1029 1086 1074 a
1109 1007 1243 1075 medicis
1267 1007 1425 1100 coquitur

362 1115 506 1183 carbone
524 1137 629 1206 pnro;
650 1126 748 1204 atque
770 1111 827 1178 ubi
848 1113 881 1179 in
902 1113 1045 1179 cinerem
1068 1111 1179 1196 rediit,
1201 1113 1423 1207 exstinguitur

361 1221 439 1288 vino
457 1221 639 1302 ammineo,
658 1242 731 1310 quae
750 1217 793 1285 ad
809 1215 986 1311 emplastra
1000 1232 1225 1311 preparatur:
1244 1241 1318 1313 quae
1341 1243 1424 1286 vero

362 1325 405 1394 ad
417 1349 548 1420 psoras,
569 1337 672 1392 aceto.
686 1323 832 1411 Quidam
842 1321 865 1360 ¹⁹
876 1326 910 1390 in
924 1321 996 1392 ollis
1014 1322 1167 1392 fictilibus
1182 1338 1288 1392 tusam
1306 1338 1425 1410 urunt,

362 1456 402 1500 ac
420 1430 530 1500 lavant
549 1425 584 1498 in
607 1431 788 1513 mortariis,
809 1443 923 1522 postea
948 1430 1079 1498 siccant.
1105 1429 1360 1523 Nymphodorus
1383 1428 1428 1496 la·

364 1535 509 1632 pidem²⁰
540 1538 648 1629 ipsum
671 1560 770 1629 quam
789 1537 1017 1629 gravissimum
1038 1536 1333 1629 spississimumque
1358 1537 1428 1604 urit

364 1666 488 1736 pruna,
505 1656 538 1710 et
557 1656 708 1710 exustum
728 1641 814 1710 Chio
831 1642 910 1710 vino
928 1641 1117 1734 restinguit,
1137 1641 1327 1736 tunditque,
1347 1665 1427 1710 mox

258 1784 262 1793 ¹
365 1747 466 1817 linteo
480 1748 621 1830 cribrat,
643 1760 740 1840 atque
757 1749 792 1814 in
811 1749 971 1815 mortario
991 1748 1088 1829 terit,
1110 1771 1188 1815 mox
1208 1771 1293 1842 aqua
1313 1745 1429 1841 pluvia

367 1867 533 1938 macerat,
549 1854 734 1946 iterumque
759 1853 836 1920 terit
865 1852 956 1945 qnod
980 1851 1133 1936 subsidit,
1161 1853 1267 1922 donec
1286 1877 1429 1922 cerussae

367 1958 479 2028 similis
494 1958 571 2044 fiat,
585 1956 674 2026 nulla
690 1958 837 2027 dentium
852 1957 1019 2028 offensa²'.
1039 1957 1162 2026 Eadem
1178 1955 1300 2027 lollae²²
1318 1961 1426 2028 actio:

367 2065 425 2134 sed
445 2088 543 2158 quam
567 2065 777 2158 purissimum
799 2061 941 2157 lapidem
962 2063 1061 2157 eligit.

335 2205 346 2238 ι
419 2173 549 2239 XXIII.
579 2168 725 2238 Cadmiae
747 2167 886 2264 effectus
916 2170 1039 2238 siccare
1049 2167 1072 2252 ¹,
1098 2193 1291 2263 persanare,
1313 2172 1429 2239 sistere

365 2277 525 2346 fluxiones
535 2329 544 2360 ,
555 2275 704 2370 pterygia
718 2288 751 2343 et
765 2275 878 2344 sordes
892 2274 1064 2345 oculorum
1074 2300 1228 2370 purgare,
1241 2277 1428 2346 scabritiem

363 2397 560 2466 extenuare,
575 2395 609 2448 et
625 2380 785 2473 quidquid
805 2383 839 2449 in
852 2381 979 2475 plumbi
997 2380 1120 2449 effectu
1138 2382 1296 2452 dicemus.
1321 2385 1365 2451 Et
1382 2407 1427 2450 aes

363 2491 471 2583 ipsum
485 2487 528 2555 ad
543 2488 654 2556 omnia
667 2485 798 2555 eadem¹
813 2489 941 2556 uritur:
957 2501 1155 2582 preterque,
1171 2486 1340 2583 albugines
1354 2513 1430 2557 ocu·

407 2648 875 2716 14.-Etsdcs'cstricealtsr'oototsdu-
916 2654 973 2707 bas.
985 2653 1067 2718 XIII,
1076 2670 1100 2705 c.
1117 2671 1182 2722 2²7,
1198 2652 1308 2706 totidem
1318 2653 1431 2707 omnino

364 2736 472 2803 νιμένη,
486 2732 572 2801 inquit
587 2732 676 2783 Diosc.
689 2732 740 2785 lor„
756 2734 802 2785 cit‘.
819 2734 853 2786 ll.
918 2733 1015 2786 verbis.
1028 2734 1118 2786 Hsun.

409 2810 453 2864 15.
477 2810 627 2863 Trahendas.
643 2810 784 2863 Delendas.
801 2813 834 2863 II.
961 2811 1134 2881 19.Qatdam.
1149 2809 1268 2865 Dioscor.
1285 2825 1312 2865 et
1322 2809 1430 2865 Oribss.

409 2890 709 2943 rannemundus
718 2891 769 2941 clia
776 2910 873 2959 genem.
917 2892 947 2945 ll.
961 2910 1001 2944 cc.
1015 2889 1106 2941 Hauc.

366 2970 430 3023 Huc
441 2968 495 3022 duo
508 2986 603 3039 genera
617 2967 727 3021 totidem
745 2971 815 3022 notis
829 2968 875 3023 de·
962 2989 1005 3023 no.
1025 2970 1149 3040 Lapidem.
1168 2972 1206 3023 Ex
1227 2990 1280 3042 quo
1299 2971 1357 3024 fieri
1377 2990 1431 3036 tes,

366 3048 457 3102 scribit
470 3062 496 3101 et
514 3049 604 3102 Diosc.
618 3049 654 3112 V,
675 3049 711 3112 84
724 3067 731 3101 ε
746 3040 877 3117 broprs,
920 3068 1054 3122 quemque
1069 3049 1198 3102 cadmiam
1218 3051 1343 3120 appellari
1360 3049 1432 3103 dixi-

365 3131 407 3183 καὶ
427 3127 631 3197 &spatiumne
645 3140 763 3181 testacea.
780 3129 829 3182 Illa
843 3129 876 3181 ab
920 3149 979 3183 mus
994 3130 1044 3183 sub
1056 3129 1162 3183 initium
1174 3129 1251 3200 hujus
1265 3148 1324 3200 cap.
1335 3128 1368 3182 Η.

366 3207 604 3261 intercurrentibus
612 3207 750 3272 lineis,seu
758 3208 878 3273 maculis,
962 3228 1008 3263 st.
1023 3209 1100 3263 Nulla
1110 3209 1214 3261 dentiam
1226 3208 1380 3276 offensabat
1390 3221 1432 3277 ut,

366 3288 499 3357 onychitis
510 3285 593 3357 lapidi
600 3287 738 3351 similibus,
749 3284 877 3358 displosit
921 3308 1004 3358 quum
1015 3282 1172 3352 manditur,
1194 3287 1319 3342 dentibus
1336 3287 1432 3354 cedat,

366 3370 458 3435 ἔχουσα
472 3368 579 3437 ἐμφερεῖς
596 3367 695 3437 ὁνυχίτῃ
709 3369 777 3438 λίθῳ.
793 3369 845 3420 Ista
862 3387 878 3420 a
921 3370 1008 3421 Diosc.
1021 3369 1072 3421 loc.
1083 3368 1126 3421 cit.
1139 3367 1230 3420 Hsan.

367 3447 878 3517 superficieterrea,sivetestaccs,no·
963 3468 1008 3501 ss.
1032 3448 1126 3500 Eadem
1148 3447 1217 3499 101!oe
1241 3450 1311 3500 actio.
1335 3446 1380 3500 Sic
1404 3458 1433 3499 et

367 3545 430 3579 men
448 3526 546 3579 babet:
561 3522 651 3596 γεώδει
663 3523 693 3579 dl
709 3526 725 3585 ἢ
741 3523 877 3598 ὄςρακώὸιι
921 3528 1000 3580 Iollas
1010 3527 1080 3580 facit.
1091 3527 1181 3581 Hssu.

367 3608 502 3676 κεχρημένη
515 3607 651 3676 ἐπιφανείᾳ.
665 3605 753 3659 tisun.
962 3607 1066 3659 XXIII.
1083 3626 1109 3659 1.
1123 3606 1232 3659 Cadmiae
1244 3606 1343 3673 effectus
1357 3608 1435 3657 sicca·

412 3706 456 3756 ¹7·
475 3686 610 3757 Onycln‘ts's.
629 3687 672 3739 Sic
689 3699 715 3739 et
728 3684 878 3739 Dioscorid.
923 3707 962 3751 re,
976 3700 1025 3740 etc.
1044 3686 1133 3738 Diosc.
1151 3685 1202 3738 loc·
1223 3686 1268 3737 cit.
1283 3680 1435 3755 obrependi

368 3766 467 3834 ὄνυχῖτῃ
482 3765 648 3836 λίθῳῦτοιι.
665 3766 777 3818 stante
793 3764 877 3818 Hard.
922 3768 972 3835 Ιχιι
990 3768 1127 3829 currisset,
1143 3765 1299 3835 κοιλωμάτων
1319 3766 1434 3819 ἀναπλη-

369 3860 395 3899 st
408 3848 480 3898 uma.
496 3864 528 3898 ex
540 3842 598 3897 cod.
612 3847 676 3915 aeg.
692 3845 708 3897 5
722 3856 749 3897 ct
759 3844 824 3897 edit.
837 3864 878 3915 pr.
924 3846 1073 3916 ρωματικὴν,
1082 3846 1227 3915 καθαρτικὴν
1236 3847 1371 3915 inemtas,
1381 3855 1434 3895 etc.

369 3927 480 3998 onychis,
494 3941 549 3976 non
561 3926 688 3993 onychitoe.
701 3924 751 3976 En.
928 3926 993 3977 «Vis
1004 3925 1029 3977 ci
1039 3924 1212 3995 adstringere,
1222 3936 1270 3976 etc.
1283 3948 1294 3968 ι
1314 3922 1406 3975 Hsuu.
1463 3958 1466 3965 .

412 4009 454 4059 18.
481 4004 566 4056 Omnis
589 4014 667 4054 autem
692 4003 804 4066 cadmia,
828 4015 879 4057 etc.
967 4023 992 4057 a.
1010 4006 1045 4056 Et
1062 4024 1094 4056 oes
1108 4008 1183 4073 tirsum
1199 4003 1233 4055 cd
1244 4006 1323 4053 omnia
1341 4002 1433 4054 eodem.

370 4083 459 4136 Diosc.
475 4084 527 4134 loc.
546 4082 591 4134 cit.
609 4094 635 4133 et
651 4083 802 4151 postillam
819 4082 880 4135 Ori·
926 4082 983 4135 Hoc
997 4096 1045 4148 est,
1059 4095 1090 4135 nt
1105 4084 1192 4136 Diosc.
1210 4080 1365 4153 explicatius
1383 4092 1436 4134 tra·
