3100 5125
370 529 441 602 236
641 536 681 603 C.
707 535 876 603 PLINII
900 537 1008 604 NAT.
1035 535 1163 604 HIST.

369 665 599 748 mucronibus,
615 668 757 737 maxime
770 667 886 749 simili,
902 669 959 738 sed
976 669 1102 738 acriore
1117 670 1170 756 vi,
1184 693 1283 762 quem
1298 669 1435 762 rubigo:

368 772 584 868 quamobrem
597 787 632 841 et
644 789 762 843 contra
771 775 949 870 epiphoras
966 773 1140 844 oculorum
1154 776 1349 843 assumitur:
1365 799 1438 842 san

371 880 568 974 guinemque
582 878 683 967 sistit,
698 905 801 974 quum
821 879 959 950 vulnera
977 882 1118 949 maxime
1130 879 1217 948 ferro
1231 881 1321 950 fiant.
1344 882 1438 949 Sistit

371 999 405 1053 et
417 983 615 1054 feminarum
629 985 801 1079 profluvia.
821 988 1010 1081 Imponitur
1027 999 1061 1054 et
1077 1001 1191 1055 contra
1206 984 1326 1055 lienum
1344 988 1436 1053 vitia.

371 1090 639 1160 Hemorrhoidus
657 1092 853 1186 compescit,
868 1091 1106 1186 hulcerumque
1119 1093 1294 1186 serpentia.
1316 1095 1360 1160 Et
1380 1116 1438 1186 ge·

372 1192 440 1265 nis'
461 1195 615 1290 prodest,
633 1198 746 1267 farimr
768 1197 871 1268 modo
890 1199 1046 1293 adspersa
1069 1195 1244 1328 paulisper.
1267 1197 1441 1291 Praecipua

372 1316 483 1373 tamen
499 1303 742 1372 commendatio
760 1304 832 1396 ejus
848 1305 882 1372 in
898 1302 1161 1398 hygremplastro
1198 1303 1240 1372 ad
1261 1302 1436 1397 purganda

373 1406 511 1477 vulnera
522 1407 727 1503 fistulasque,
741 1424 774 1478 et
786 1433 918 1478 omnem
935 1407 1055 1480 callum
1069 1408 1272 1478 erodendum
1284 1463 1292 1493 ,
1304 1424 1338 1478 et
1353 1410 1436 1477 rasis

374 1501 523 1584 ossibus⁴
537 1539 653 1585 carnes
675 1514 880 1585 recreandas.
895 1515 1115 1609 Componitur
1134 1517 1197 1584 hoc
1213 1515 1312 1584 modo
1328 1541 1335 1582 :
1357 1516 1442 1608 picis

374 1618 465 1688 oboli
473 1605 559 1707 sex⁵,
568 1619 717 1690 Cimoliae
724 1637 823 1691 cretoe
835 1621 1001 1690 drachmae
1016 1645 1091 1688 sex:
1106 1623 1179 1690 aeris
1193 1622 1258 1690 tusi
1270 1620 1445 1689 draclunae·

376 1724 471 1794 duae:
487 1750 632 1821 squamae
649 1727 764 1796 lerreae
776 1781 786 1814 ‚
800 1727 937 1796 totidem
952 1753 960 1794 ι
977 1751 1060 1796 certe
1071 1781 1081 1815 ,
1092 1751 1170 1796 sex:
1188 1725 1252 1797 olei
1269 1727 1443 1796 sextarius.

378 1832 438 1900 His
447 1831 612 1925 adjicitur,
624 1858 727 1927 quum
741 1848 820 1903 sunt
829 1832 1039 1928 repurganda
1049 1831 1184 1902 vulnera
1199 1848 1257 1901 aut
1273 1831 1442 1927 replenda,

377 1950 536 2007 ceratum.

346 2076 357 2106 ι
430 2033 965 2138 XLVll.(xvr.)Sequiturnatura
975 2043 1440 2139 plumbiCujusduogenera,

374 2148 528 2243 nigrum,
549 2164 648 2244 atque
670 2150 876 2220 candidum¹.
904 2152 1178 2222 Pretiosissimum
1202 2149 1402 2238 candidum,
1423 2174 1447 2218 a

422 2394 448 2428 a.
472 2375 509 2428 Et
526 2379 604 2445 genu.
625 2375 771 2446 Palpebris.
792 2377 825 2429 Η.
934 2389 1034 2448 potest,
1058 2393 1137 2448 quum
1165 2375 1202 2428 sit
1232 2391 1261 2428 es
1286 2372 1447 2428 enreudandi

421 2455 449 2508 3.
475 2455 506 2506 Iu
527 2455 726 2526 hygremplastro.
749 2445 892 2527 Ῠγρίμπλα-
935 2457 1048 2510 licentia.
1066 2456 1117 2508 Pro
1129 2458 1185 2525 puri
1203 2467 1307 2518 sutem,
1320 2471 1380 2524 quse
1393 2473 1445 2507 vox

381 2554 454 2606 rpus,
467 2534 642 2607 emplastrum
664 2533 817 2606 liquidum,
836 2552 892 2588 nou
937 2536 1015 2590 nsuci
1028 2535 1080 2589 hoc
1096 2535 1156 2589 loco
1170 2551 1224 2587 nou
1238 2546 1290 2599 est,
1305 2531 1369 2604 quid
1386 2553 1446 2605 pro·

382 2616 481 2669 siccum
500 2615 765 2669 urm-um.
777 2616 893 2668 Breues
936 2618 997 2688 pius
1011 2614 1209 2687 quidresptius
1224 2614 1288 2667 foret
1302 2614 1456 2677 hocloco,

383 2693 494 2747 usse
506 2693 550 2747 ed.
565 2712 605 2765 pr.
622 2712 689 2746 casm
700 2695 797 2746 eddom.
809 2694 906 2771 ΕΓ
936 2714 991 2748 nou
1007 2693 1140 2759 vidimus,
1153 2710 1232 2765 quum
1247 2694 1333 2764 picem
1346 2714 1353 2743 r
1366 2710 1453 2764 quam

425 2779 452 2835 4.
470 2774 505 2823 Et
514 2778 576 2825 mis
587 2774 685 2825 ossibus.
697 2776 733 2825 Et
742 2773 821 2827 nudis
830 2772 893 2825 ossi·
937 2776 965 2828 in
976 2774 1126 2845 emplastris
1138 2773 1217 2843 plene
1230 2772 1360 2825 similibus
1370 2771 1450 2825 adlui-

384 2852 435 2905 bus
449 2869 542 2904 carnes
557 2850 728 2906 inducendas.
743 2852 838 2905 Hisn.
937 2854 997 2907 beri
1012 2872 1027 2905 s
1044 2853 1121 2906 Celso
1134 2850 1264 2915 vidimus,
1284 2852 1317 2915 V,
1336 2869 1375 2919 ¹9·
1390 2852 1450 2904 Nisi

427 2932 454 2984 5.
469 2930 535 2983 Pseu
551 2931 615 2984 oboli
628 2950 678 2983 ur.
697 2932 797 2985 Mirum
810 2950 896 3001 qusn-
938 2934 1007 2986 sorte
1017 2930 1132 3001 cuipiam
1143 2943 1187 2984 sut
1198 2931 1264 2996 sulus,
1275 2943 1318 2982 sut
1327 2934 1375 2981 sevi
1385 2930 1451 2982 arri·

385 3022 443 3063 tum
451 3008 895 3073 hoclocoediticodicss,etmanu
938 3012 997 3066 dest
1023 3011 1114 3082 magis.
1137 3011 1227 3065 lisso.
1253 3042 1294 3052 —
1317 3010 1453 3062 Πιτάνη

386 3089 485 3143 musti
514 3087 654 3143 dissident.
685 3091 718 3142 In
749 3090 896 3160 exemplari
938 3112 990 3144 sss.
1011 3092 1113 3143 Broter.
1134 3090 1254 3142 draclm
1272 3090 1342 3150 duoe3
1365 3101 1393 3142 et
1413 3099 1454 3141 ta·

387 3170 452 3239 lieu.
469 3187 499 3233 s,
517 3180 589 3221 eteo
607 3168 681 3240 quod
701 3168 839 3221 Pintisnus
857 3168 897 3221 vi·
940 3188 1001 3224 men
1027 3188 1058 3223 ex
1083 3171 1148 3240 lleg.
1171 3168 1232 3223 cod.
1256 3170 1270 3221 5
1296 3168 1334 3221 sic
1358 3170 1452 3239 legen·

386 3245 444 3310 dit,
459 3273 471 3295 ι
483 3248 546 3301 Pari
557 3248 644 3303 obolis
653 3260 682 3301 et
694 3248 808 3301 cimolia
818 3260 897 3302 cretss
939 3249 1004 3304 dum
1026 3260 1137 3303 censet:
1155 3270 1166 3293 ι
1181 3247 1274 3301 Obolis
1291 3265 1324 3299 ex
1342 3248 1457 3301 cimolia

387 3325 520 3382 drachma
534 3345 578 3380 sex
593 3346 601 3381 ε
616 3328 676 3382 nris
696 3328 749 3380 tusi
765 3325 898 3381 drachma
941 3343 1011 3384 creta
1025 3325 1293 3394 duobus,druclruris
1304 3326 1409 3380 duabus
1419 3346 1454 3380 ex
1510 3350 1513 3355 ¹

389 3404 450 3459 due
472 3424 480 3460 ε
500 3425 616 3478 squama
637 3408 729 3460 ferreus
755 3406 868 3459 totidem
890 3425 897 3459 :
942 3426 1010 3474 scre,
1024 3405 1136 3461 totidem
1153 3426 1167 3459 e
1184 3424 1292 3477 squama
1307 3406 1385 3470 ferri,
1401 3417 1455 3459 tot·

390 3503 456 3538 seru
470 3504 530 3539 sex:
544 3486 596 3539 olei
608 3487 743 3539 sextarius.
755 3511 767 3533 ι
782 3488 841 3540 Hoc
850 3498 897 3547 est,
941 3486 1012 3541 idem
1025 3487 1105 3551 ferri,
1120 3484 1231 3540 totidem
1245 3504 1326 3550 emas,
1344 3504 1375 3537 ex
1392 3484 1455 3538 oleo

390 3565 412 3618 si
435 3564 553 3635 priorem
571 3584 662 3619 rocem
685 3569 742 3636 puri
767 3566 899 3635 excipias,
942 3568 1076 3621 maturius.
1095 3592 1106 3612 ι
1123 3566 1306 3628 Hariolentur,
1324 3564 1372 3634 qui
1389 3582 1456 3636 ope·

390 3654 482 3697 essum
495 3657 558 3697 suut
570 3646 657 3717 paria,
672 3658 700 3697 et
721 3646 826 3716 gemina
839 3662 899 3697 cum
941 3664 998 3699 ram
1013 3644 1125 3717 perdere
1138 3646 1240 3698 volunt.
1252 3644 1303 3696 En.

391 3722 423 3775 iis
435 3741 495 3793 qut
506 3742 555 3776 uos
567 3722 708 3777 edidimus.
725 3725 760 3776 At
771 3725 831 3796 typi
844 3724 902 3777 rul-
984 3726 1096 3777 XLVII.
1118 3742 1142 3778 r.
1157 3725 1240 3797 Atque
1255 3722 1393 3774 candidum.
1408 3722 1457 3774 Sa·

392 3803 445 3874 pati
456 3814 584 3874 quantum
597 3802 661 3856 inde
676 3803 779 3855 absunt.
793 3829 804 3851 ι
820 3805 901 3857 Com·
945 3818 1020 3858 votus
1040 3801 1074 3857 de
1098 3804 1207 3856 Nurum.
1229 3815 1283 3856 ant.
1306 3802 1338 3855 P.
1355 3802 1400 3865 ΙΙ,
1425 3820 1457 3865 s,

391 3882 502 3953 ponitur
517 3882 569 3936 hoc
584 3880 665 3935 modo
684 3904 691 3933 ε
710 3882 796 3936 obolis
815 3902 846 3936 ex
863 3882 901 3935 ei·
945 3902 971 3955 p.
989 3886 1038 3949 46,
1052 3884 1192 3954 plumbum
1213 3878 1354 3935 csndidum
1369 3892 1462 3933 censet

393 3961 474 4015 molis
488 3974 559 4014 creta
578 3959 696 4025 duobus,
713 3960 847 4016 drachmis
858 3980 901 4014 sex
945 3962 1013 4015 illud
1023 3960 1175 4033 esse,quod
1187 3980 1235 4014 nos
1247 3960 1327 4029 vulgo
1335 3973 1461 4011 stannum

393 4059 424 4093 es
437 4059 504 4106 sere,
518 4039 628 4093 totidem
646 4058 678 4093 ex
696 4059 803 4111 squama
821 4040 900 4103 ferri,
945 4041 1141 4113 Anglicanurn,
1163 4059 1208 4093 ssu
1230 4040 1311 4092 molle
1334 4037 1460 4091 dicimus.

392 4119 505 4173 totidem
521 4138 603 4183 cerus,
621 4139 652 4172 ex
673 4121 726 4172 olei
745 4120 898 4173 sextario·
947 4120 1135 4191 Adstipulutur
1159 4118 1246 4172 eidem
1273 4115 1465 4171 Aldrovaudus

393 4198 468 4252 Nihil
487 4198 613 4254 arducius
632 4197 687 4253 dici
710 4212 737 4251 et
759 4198 902 4269 excogitsri
946 4198 980 4254 de
995 4200 1094 4253 Metall.
1111 4201 1140 4263 1,
1155 4218 1181 4268 7,
1200 4218 1259 4269 psg.
1283 4200 1343 4251 160.
1366 4195 1400 4249 H.
