3100 5125
251 467 268 515 ”
348 469 420 556 tet
572 545 577 554 ,
614 463 1135 568 C.P1.1N11Nar.t11sr.

350 600 481 674 luerat?
497 596 661 670 tacuere¹¹
682 611 790 668 tantas
813 596 917 668 moles
937 598 972 666 in
991 599 1153 691 privatam
1171 597 1309 668 domum
1325 601 1415 670 tralii

351 723 471 805 praeter
489 702 634 776 fictilia¹²
655 703 794 774 deorum
811 703 951 796 fastigia.

320 847 333 882 1
404 817 469 884 111.
486 800 572 904 (ιιι.)
591 811 664 878 Nec
679 824 789 904 potest
803 810 907 878 videri
923 811 1066 878 Scaurus
1084 809 1158 878 rudi
1176 823 1210 879 et
1225 811 1325 904 hujus
1340 811 1419 880 mali

353 918 549 1016 improvidae
573 917 696 987 civitati
721 916 906 1016 obrepsisse
934 914 1077 1009 quodam
1103 914 1188 984 vitii¹
1217 918 1419 1016 rudimento.

353 1032 428 1098 lam
448 1026 537 1095 enim
556 1026 594 1092 1.
617 1020 794 1092 Crassum²
819 1036 984 1090 oratorem
1005 1020 1114 1106 illum,
1135 1024 1191 1114 qui
1213 1025 1340 1115 primus
1361 1049 1420 1121 pe·

355 1133 477 1228 regrini
495 1130 669 1200 marmoris
686 1127 857 1198 columnas
876 1127 992 1196 habuit
1009 1129 1042 1195 in
1059 1127 1174 1195 eodem
1194 1127 1335 1216 Palatio,
1351 1134 1421 1224 Hy·

240 1270 243 1279 ·
355 1240 486 1311 mettius
511 1249 624 1306 tamen
644 1259 706 1304 nec
728 1233 840 1329 plures
862 1258 938 1316 sex,
964 1247 1022 1302 aut
1044 1231 1209 1328 longiores
1228 1234 1423 1306 duodenum

357 1346 501 1441 pedum,
528 1345 577 1410 M.
601 1345 722 1410 Brutus
743 1342 779 1408 in
796 1341 913 1434 jurgiis
934 1338 977 1408 ob
996 1339 1029 1408 id
1050 1342 1213 1409 Venerem
1238 1341 1424 1412 Palatinam

358 1448 590 1546 appellaverat„
615 1446 777 1515 Nimirum
800 1448 860 1516 ista
876 1447 1036 1529 omisere,
1054 1447 1202 1515 moribus
1221 1449 1336 1517 victis:
1353 1450 1426 1516 fru-

360 1572 492 1650 straque
511 1553 685 1624 interdicta
698 1577 771 1648 quae
783 1565 959 1621 vetuerant
972 1567 1160 1638 cernentes,
1175 1552 1280 1624 nullas
1295 1557 1427 1650 potius,

328 1663 602 1757 aquamirritas,
616 1683 688 1729 esse
701 1657 1000 1752 legesmaluerunt.
1023 1644 1104 1727 Sed³
1119 1661 1224 1754 etqui·
1234 1677 1429 1754 sequentur,

362 1767 515 1838 meliores
532 1789 603 1836 esse
622 1789 683 1834 nos
702 1762 904 1858 probabunt.
924 1765 1009 1852 Quis
1030 1763 1119 1833 enim
1139 1777 1305 1834 tantarum
1327 1767 1430 1836 hodie

360 1873 591 1946 columnarum
610 1873 730 1940 atrium
746 1868 868 1938 hebet?
886 1870 950 1938 Sed
972 1871 1082 1964 prius,
1105 1895 1204 1964 quarn
1222 1871 1264 1940 de
1280 1899 1431 1942 marmo-

317 1964 321 1972 ’
362 1980 455 2050 ribus
475 1978 643 2063 dicamus,
670 1977 844 2046 hominum
870 1977 904 2044 in
930 1977 969 2045 iis
996 1973 1214 2070 proferenda⁴
1239 1978 1432 2071 judicamus

362 2086 477 2180 pretia.
497 2085 583 2154 Ante
602 2084 703 2176 igitur
722 2081 865 2150 artifices
885 2081 1162 2176 percensebimus.

253 2249 257 2257 .
334 2234 345 2268 ι
419 2193 479 2260 1v.
499 2179 581 2282 (lv.)
596 2190 766 2256 Marmore
786 2187 964 2282 scalpendo
986 2189 1083 2282 primi
1101 2190 1248 2258 omnium
1269 2190 1434 2260 inclarue-

368 2311 447 2365 runt
457 2297 622 2390 Dipoenus
633 2309 667 2362 et
678 2293 823 2386 Scyllis¹‚
836 2295 938 2388 geniti
950 2295 983 2361 in
1000 2297 1100 2364 Creta
1112 2293 1217 2364 insula
1229 2349 1237 2380 ,
1249 2299 1434 2366 etiamnum

367 2400 497 2471 Medis'
516 2399 770 2494 imperantibus,
789 2401 945 2494 priusque
960 2423 1060 2493 quam
1077 2401 1183 2494 Cyrus
1202 2406 1236 2470 in
1254 2404 1362 2472 Persis
1381 2428 1434 2472 re-

368 2587 485 2661 ejnsdem
495 2584 602 2641 delubri
611 2596 764 2656 preparato
775 2582 881 2655 quadri·
923 2585 1026 2657 quadam
1036 2574 1146 2641 vitudu
1160 2588 1224 2661 lleg.
1239 2608 1253 2642 a
1270 2602 1296 2643 et
1312 2590 1391 2645 colb.
1409 2595 1436 2656 3,

367 2686 408 2741 μ
421 2666 515 2721 fictiles
527 2666 555 2718 in
571 2666 678 2717 fornace
693 2664 845 2717 crevissent.
865 2680 877 2713 s
925 2670 969 2719 nti.
978 2666 1070 2719 Hinc.

369 2743 882 2815 ein.xrtXV,12:·ttiscettasegte
967 2764 994 2799 ν.
1016 2746 1073 2797 lam
1091 2748 1154 2799 enini
1172 2746 1205 2800 L.
1224 2746 1348 2804 crassum.
1366 2750 1440 2805 Vide

370 2826 532 2897 templorum
545 2835 616 2888 orta,
626 2835 736 2894 propter
748 2822 817 2877 hauc
829 2824 884 2895 pla·
925 2824 972 2879 lib.
985 2824 1081 2887 XVli,
1095 2842 1154 2896 cap.
1169 2843 1193 2880 r.
1206 2824 1298 2882 Hine.

370 2919 417 2961 sto
429 2902 566 2977 appellati.
581 2928 592 2949 ι
606 2902 699 2957 Grion.
968 2904 994 2957 3.
1012 2902 1097 2957 Sedet
1111 2908 1153 2975 qai
1167 2920 1303 2977 sequantur.
1318 2910 1395 2963 Bion.
1408 2930 1441 2963 ex

416 3001 461 3039 ιι.
485 2984 598 3036 Tecum.
619 2982 652 3033 Et
672 2992 775 3035 uenere
788 2980 827 3033 illi
845 2994 885 3035 ta·
927 2984 1008 3055 Regg.
1027 3004 1054 3048 a,
1071 2984 1107 3049 3,
1126 2996 1153 3037 et
1166 2984 1209 3037 ed.
1229 2988 1316 3057 princ.
1331 2990 1397 3041 Hoec
1418 3005 1443 3042 er

373 3084 450 3129 men,
473 3080 558 3134 quum
582 3060 671 3115 videre
696 3072 780 3113 tantas
803 3062 886 3115 moles
928 3065 1222 3135 quarequentureetsic
1239 3067 1354 3121 Pintian.
1367 3070 1420 3123 En.

374 3144 445 3198 trahi
466 3143 494 3195 in
518 3139 635 3212 privates
655 3137 766 3203 domos,
788 3152 886 3210 prater
969 3148 997 3203 4.
1019 3144 1177 3211 Pmsennda.
1198 3145 1242 3198 Sic
1263 3147 1340 3203 MSS.
1362 3148 1441 3213 editi,

374 3224 467 3277 oculos
490 3221 617 3284 deornm,
642 3238 756 3291 quorum
782 3220 887 3291 templis
925 3224 1078 3293 proferenda
1091 3222 1202 3275 dicemus.
1219 3224 1310 3279 Hinc.

375 3302 468 3357 fictilia
477 3312 540 3355 sunt
552 3299 663 3371 fastigia.
674 3299 764 3352 Hiran.
850 3322 853 3330 ¹
969 3303 1018 3373 IY.
1032 3303 1318 3375 emmenrode-'ridie
1331 3308 1444 3369 Δίποιννς

420 3400 465 3435 1².
491 3380 601 3432 Fictilia.
631 3378 774 3451 superiore
798 3378 889 3446 libro,
930 3380 971 3433 ital
990 3385 1098 3442 Σκύλλις.
1115 3381 1233 3437 Horatii
1249 3384 1447 3442 nedeltdisci-

377 3458 765 3532 oap.‹15:·FictilemJovern
779 3459 888 3513 fuisse..
931 3461 1023 3532 pulos,
1039 3460 1261 3517 illiosalufurue
1275 3466 1411 3531 volunt,¹
1403 3488 1445 3520 m·

377 3538 492 3594 fictiles'
485 3558 514 3592 m
531 3538 635 3609 fastigio
646 3537 778 3607 templi'
754 3556 810 3606 epis
825 3557 890 3609 qua·
933 3540 1109 3610 quitPauseu.
1119 3540 1243 3597 Corinth
1254 3545 1281 3597 Π
1283 3564 1358 3616 ,.pag
1373 3564 1444 3600 111:

259 3631 279 3643 '¹
378 3619 500 3691 dr'igas.»
513 3617 617 3687 Etcep.
630 3617 683 3682 43,
697 3614 891 3688 nbideplasti-
933 3620 1170 3681 ΣκύληςνινιὶΛίποιν
1157 3642 1210 3687 νος,
1219 3626 1350 3695 lipara-eali,
1362 3621 1446 3698 οἶμαι,

379 3717 431 3754 ce:
453 3697 553 3749 «Hine
570 3708 597 3749 et
614 3692 715 3767 {attigit
729 3698 890 3767 templorum
934 3718 962 3751 αν
941 3695 1034 3769 ’ννδρια
1023 3702 1129 3753 vecariis
1137 3716 1243 3773 inquit
1253 3705 1376 3758 Clemens
1384 3708 1448 3761 Ale·

379 3789 470 3833 orta.
484 3774 575 3830 Hmn.
933 3777 1116 3843 mendcium,⁸
1107 3782 1304 3853 mProtreptic.
1321 3804 1381 3856 pag.
1400 3785 1447 3839 31.

418 3856 519 3911 111.1.
540 3852 652 3925 Quodam
672 3856 730 3905 vitii
749 3855 890 3907 redimiro.
934 3856 969 3911 Η.
979 3858 1124 3929 -Scyllin
1138 3860 1212 3913 Brot.
1223 3880 1255 3915 ex
1268 3864 1332 3934 Reg.
1343 3864 1405 3918 cod
1421 3869 1450 3929 5,

381 3935 466 4001 Quasi
481 3946 546 3987 tuuc
566 3932 687 4025 primum
707 3933 839 4004 irrepente
863 3934 891 3987 in
934 3936 1019 4010 Scylla.
1034 3939 1089 3991 Eo.

381 4016 485 4068 Urbem
501 4032 534 4069 eo
548 4013 623 4067 vitio.
640 4013 681 4066 Ita
691 4013 789 4067 rectius
806 4014 891 4067 visum
976 4036 1001 4071 ν.
1016 4018 1107 4071 Medis.
1119 4021 1471 4090 Astyapeultimoffledo·

382 4106 437 4161 est,
453 4111 534 4165 quam
552 4090 627 4165 quod
647 4093 722 4164 prius
741 4094 892 4164 legebatur,
936 4114 996 4151 rum
1028 4114 1111 4171 rege,
1151 4098 1194 4153 eui
1218 4100 1306 4170 Cyrus
1327 4100 1450 4167 deinde,
