3100 5125
390 535 462 605 62⁸
651 531 690 599 c.
715 527 1024 599 cernuum.
1051 505 1182 596 nrs'r.

388 665 518 738 mollior
537 665 625 732 enim
644 663 800 747 materia,
820 675 854 729 et
871 657 1015 756 fragilis:
1033 673 1067 728 et
1087 673 1239 728 centrosa
1260 644 1380 728 scobe³
1400 659 1451 728 de-

387 769 649 868 prehenduntur,
667 781 702 836 et
728 753 893 862 pondere,
913 765 1004 860 quod
1025 765 1134 833 minus
1158 777 1208 834 est
1226 765 1365 834 vitreis:
1393 765 1448 834 ali·

386 876 520 972 quando
541 889 574 944 et
592 872 731 969 pustulis
750 873 877 968 argenti
900 870 999 940 modo
1021 869 1254 940 relucentibus.

355 1009 367 1043 ι
440 983 583 1050 XXVII.
602 983 662 1048 Est
675 993 710 1047 et
724 975 934 1046 anthracitis¹
953 973 1116 1071 appellata
1130 977 1164 1044 in
1181 973 1383 1069 Thesprotia
1397 975 1454 1045 fos·

387 1084 478 1173 silis²‚
488 1086 685 1155 carbonibus
693 1083 816 1152 similis.
828 1081 958 1151 Falsum
968 1082 1123 1168 arbitror,
1132 1081 1220 1175 quod
1230 1094 1264 1149 et
1278 1082 1313 1148 in
1322 1083 1454 1177 Liguria

386 1193 478 1261 nasci
497 1190 717 1273 tradiderunt,
741 1189 803 1258 nisi
825 1189 910 1258 forte
931 1202 1011 1256 tunc
1035 1171 1285 1256 nascebantur³.
1317 1189 1399 1255 Esse
1422 1189 1452 1255 in
1540 1261 1541 1278 p

385 1285 444 1366 iis⁴
460 1312 494 1365 et
509 1298 693 1391 ptaecinctae
714 1293 853 1364 candida
875 1317 959 1362 vena
977 1291 1154 1361 traduntur
1171 1320 1179 1361 :
1199 1292 1321 1360 herum
1341 1293 1454 1387 igneus
1540 1289 1541 1364 l

386 1392 491 1489 color,>
504 1415 542 1470 ut
559 1426 597 1470 su
621 1402 788 1486 eriornm,
807 1415 876 1469 est:
896 1396 1062 1492 peculiare
1074 1397 1225 1492 quidem,
1245 1395 1337 1490 quod
1352 1398 1452 1489 jacte-

385 1522 427 1576 tae
440 1508 596 1601 inignem
620 1506 710 1576 velut
724 1508 948 1574 intermortuae
963 1505 1226 1598 exstinguuntur,
1235 1517 1353 1571 contra
1365 1505 1453 1598 aquis

385 1612 526 1707 perfusae
545 1610 772 1680 exardescunt.
837 1657 841 1665 ·

354 1746 366 1780 1
437 1720 601 1786 XXVIII.
624 1709 774 1812 Cognata
799 1729 849 1784 est
875 1715 953 1784 huic
982 1715 1196 1801 sandaresus,
1224 1737 1328 1806 quam
1353 1712 1449 1808 aliqui
1540 1759 1541 1762 =

387 1825 640 1893 Garamantiten
665 1834 809 1890 vocant:
833 1821 980 1890 nascitur
996 1822 1031 1888 in
1054 1819 1148 1888 India
1162 1819 1185 1906 ¹,
1202 1817 1278 1888 loco
1305 1819 1448 1912 ejusdem

387 1929 539 1998 nominis.
556 1927 711 2021 Gignitur
726 1941 760 1994 ct
781 1927 814 1993 in
831 1926 951 1994 Arabia
976 1925 1017 1993 ad
1039 1925 1209 1994 meridiem
1228 1948 1335 1994 versa.
1360 1928 1451 1994 Com·

340 2111 345 2118 ¹
388 2033 555 2104 mendatio
578 2029 738 2116 sumina'‚
761 2030 852 2124 quod
875 2027 967 2100 velut
990 2033 1024 2099 in
1047 2029 1253 2100 translucido
1284 2032 1371 2125 ignis
1397 2031 1449 2098 oh·

428 2190 453 2244 3.
463 2192 501 2243 Et
510 2189 765 2247 cestr.scobe.Scobe
776 2187 897 2240 exsilien·
942 2186 1053 2246 totidem
1068 2188 1157 2241 serbis
1175 2187 1240 2241 Isid.
1255 2187 1332 2258 Orig.
1345 2189 1450 2253 txvl,

386 2283 428 2337 te,
449 2269 573 2341 quoniam
587 2268 614 2321 in
630 2267 742 2339 gemmis
756 2265 897 2319 illisarlul·
942 2286 1000 2339 cap.
1018 2267 1043 2320 3.
1057 2267 1147 2320 Iliun.
1459 2253 1465 2268 ⁸

387 2349 479 2402 aerinis
495 2360 619 2402 centrum
639 2346 802 2412 intervenit,
825 2343 898 2418 quod
983 2345 1010 2399 5.
1027 2345 1104 2416 Quod
1115 2348 1219 2416 jactata
1233 2348 1260 2398 ia
1273 2350 1363 2416 ioman.
1380 2345 1447 2399 Idem

385 2446 442 2481 esse
460 2426 585 2493 duritiem
607 2423 750 2497 quamdam
769 2443 800 2478 ac
814 2425 898 2478 veluti
941 2423 976 2478 de
984 2425 1098 2478 Thracio
1109 2423 1198 2496 lapide
1209 2426 1305 2478 recitat
1321 2426 1449 2478 Dioscori-

293 2537 297 2546 ·
386 2508 482 2561 callum
493 2503 714 2570 nodumve,alihi
724 2503 848 2557 diximus.
861 2503 896 2555 H.
941 2502 1001 2570 des,
1015 2522 1093 2576 quem
1111 2518 1230 2557 nostrum
1244 2506 1389 2558 carbonem
1406 2507 1449 2557 los·

427 2586 544 2639 xxvn.
560 2605 586 2639 r.
597 2586 645 2637 Eu
658 2584 840 2638 cenchramis.
853 2576 898 2637 lv·
940 2583 1016 2637 silem
1027 2602 1097 2651 esse,
1108 2602 1158 2655 pro
1170 2582 1322 2638 indubitato
1333 2585 1447 2638 habetur.

386 2666 501 2737 θρωιίτις,
514 2663 587 2736 quod
595 2662 896 2717 carbonumardeutium
939 2665 1043 2716 Danao.

386 2744 502 2813 speciem
513 2743 619 2796 referat.
637 2743 671 2795 ll.
685 2744 895 2796 -Annmnu,
979 2742 1111 2795 xxv111.
1137 2760 1161 2795 r.
1186 2742 1304 2796 Nascitur
1327 2747 1354 2795 in
1375 2744 1447 2795 India.

386 2822 549 2877 Anthracitis
564 2822 683 2875 Broterio
701 2820 809 2874 ridetur
826 2840 897 2886 esse,
940 2818 1069 2883 Isidorus,
1084 2821 1159 2891 Orig.
1173 2821 1225 2873 lib.'
1236 2822 1319 2887 XVI,
1329 2840 1388 2893 cap.
1404 2823 1446 2875 13:

387 2904 409 2953 Ie
428 2901 492 2953 rubis
511 2900 625 2970 spineus,-
644 2900 814 2971 Daleoempio
832 2918 896 2953 vero
944 2925 955 2946 ι
969 2898 1127 2953 Sandsresus
1144 2895 1193 2967 (sic
1205 2902 1277 2953 enim
1288 2901 1342 2973 legi
1351 2920 1449 2955 necesse

386 2979 591 3043 urbotouitis,
607 2979 897 3044 herimannum
939 2990 992 3044 est,
1007 2990 1064 3031 tum
1082 2978 1447 3038 erhocloomtumexiudi-
1483 2978 1484 2983 ’

272 3095 274 3098 -
386 3060 417 3111 de
436 3072 511 3125 aem,
531 3057 566 3111 de
587 3076 642 3129 quo
661 3076 740 3129 supra
761 3057 894 3123 diximus,
939 3075 993 3121 oe,
1018 3076 1071 3109 uon
1102 3056 1257 3121 sandasirus)
1284 3060 1401 3112 nascitur
1423 3060 1448 3112 iu

385 3138 433 3191 tib.
446 3138 646 3207 xxxvlmp.
663 3136 707 3189 38.
722 3137 777 3189 Nos
793 3134 827 3189 de
841 3154 897 3190 ear·
940 3134 1033 3200 India,
1048 3136 1107 3189 loco
1119 3136 1238 3207 ejusdcm
1250 3139 1376 3191 nominis.
1392 3164 1402 3185 ι
1417 3138 1448 3190 Η.

387 3217 510 3269 huuculis
522 3216 592 3269 seris
605 3235 660 3268 uon
671 3218 727 3287 jam
738 3215 782 3269 hio
798 3233 899 3270 sermo·
916 3244 921 3257 ·
940 3248 981 3258 -
991 3214 1147 3269 Sanduresus.
1168 3216 1246 3270 Nunc
1262 3236 1318 3269 nou
1335 3218 1451 3271 noscitur

387 3313 449 3349 nem
462 3313 520 3348 esse
533 3293 674 3347 credimus·
687 3296 739 3347 Eo.
941 3292 986 3346 ille
998 3296 1182 3349 carbunculus.
1197 3297 1280 3348 Bsor.
1298 3312 1340 3336 -ὲ
1353 3297 1409 3349 Nec
1419 3296 1450 3349 de

430 3394 456 3427 a.
470 3372 579 3426 Fontis.
594 3373 719 3427 Fortassis
732 3392 813 3445 quern
826 3374 897 3427 nasci
941 3373 1102 3427 carbunculo
1112 3375 1192 3445 loqui
1208 3375 1326 3427 Plinium
1342 3376 1449 3428 ar‘lsitra·

387 3451 422 3506 ad
440 3452 518 3505 Binas
536 3452 626 3505 scribit
637 3454 832 3525 Theophrastus
848 3454 896 3507 lih.
941 3470 1017 3517 mur,
1043 3471 1193 3524 quenquam
1219 3453 1389 3507 sandaresum
1418 3453 1448 3508 ad

387 3530 422 3586 de
438 3529 561 3602 Lapidib.
581 3531 745 3585 Anthracitiu
759 3532 828 3585 hene
841 3532 897 3586 hre-
939 3544 1037 3585 certam
1048 3550 1157 3603 gemmas
1168 3532 1282 3603 speciem
1294 3534 1396 3587 reterre
1407 3553 1449 3587 ue·

387 3612 486 3665 matitia
498 3629 581 3682 genus
594 3611 654 3664 facit
668 3612 798 3683 Agricola.
814 3613 883 3665 Dar..
941 3612 1057 3681 quimus.
1069 3612 1122 3663 Eu.

429 3691 455 3746 3.
483 3692 553 3742 Tune
576 3690 740 3743 amabuntur.
757 3690 895 3761 Theophr.
943 3696 945 3701 '
982 3711 1007 3743 s.
1024 3686 1201 3745 Commendatio
1213 3692 1402 3761 samma‚quod
1410 3712 1451 3743 se·

387 3767 507 3839 prodidit
516 3768 563 3821 lib.
574 3770 628 3840 napi
641 3770 710 3822 λίθων
720 3806 728 3831 ,
738 3769 842 3840 hocque
851 3787 896 3840 ge·
940 3769 1009 3821 dctis
1023 3770 1168 3821 transtrum
1176 3770 1299 3821 stellantes
1312 3774 1391 3835 intres,
1403 3784 1450 3823 etc.

386 3865 437 3900 uua
446 3847 685 3919 lignoputriaimile
694 3846 829 3919 adspectu,
837 3849 895 3901 oleo
939 3842 986 3910 (sic
1004 3840 1099 3918 prius).
1111 3848 1229 3919 Legend.
1249 3875 1261 3896 ι
1275 3848 1388 3902 Summa
1397 3852 1451 3920 ejus

386 3926 522 3995 perfusum
533 3925 655 3990 accendi,
667 3938 694 3979 et
705 3944 788 3997 quum
800 3927 896 3980 exstiu-
939 3926 1146 3993 commendatio,
1157 3927 1229 4000 quod
1243 3928 1318 3980 velut
1331 3929 1360 3979 in
1373 3942 1451 3981 trans

386 4015 459 4057 mum
471 4003 551 4057 fuerit
564 4006 615 4058 tale
629 4003 713 4057 videri
727 4006 804 4077 quale
820 4019 896 4059 antea
940 4004 1029 4059 lucido
1050 4006 1117 4077 ignis
1137 4008 1208 4060 intus
1231 4006 1402 4079 celantesque
1424 4024 1450 4059 se
1540 4066 1541 4069 Ἴ

386 4080 479 4136 fuerat„
490 4085 558 4137 Dm..
937 4085 1111 4155 translulgent
1129 4104 1213 4138 auree
1227 4098 1325 4155 guttae,
1347 4104 1450 4157 semper

427 4166 451 4225 t.
468 4162 563 4243 Esser'n
578 4160 893 4235 iis,etc.Hasedeincspa
938 4164 965 4216 iu
989 4180 1100 4235 corpore
1125 4182 1262 4235 uunquam
1291 4165 1320 4218 in
1345 4177 1418 4219 cute.
1435 4191 1446 4213 ι
