3100 5125
385 534 452 609 150
500 637 507 647 .
654 546 691 612 c.
718 544 886 616 ιιιιιιι
909 544 1016 613 aar.
1043 546 1173 614 uisu.

381 696 439 766 qm
430 673 617 742 Samnites
637 674 688 744 bis
708 675 891 765 devicerat,
914 693 1075 798 captaque
1088 678 1256 771 Anagnia,
1277 679 1439 773 populum
1540 700 1546 727 ι

381 777 546 909 stipendio
574 763 780 851 liberaverat.
805 786 898 857 Inter
924 785 1164 879 antiquissimas
1192 796 1269 853 suut
1293 797 1327 853 et
1351 784 1440 855 Tulli

382 870 545 970 ctoetii¹⁸,
577 887 671 955 Lucii
697 890 830 977 Roscii,
855 894 964 989 Spurii
996 890 1127 973 Nautii,
1163 890 1201 957 C.
1235 886 1414 959 Fulcinii
1405 916 1440 959 ιιι

381 990 525 1073 Rostris,
548 991 823 1064 aFidenatibus¹⁹
840 997 874 1068 in
896 996 1058 1094 legatione
1083 992 1342 1065 interfectorum.
1366 997 1441 1065 Hoc

382 1117 403 1162 e
421 1093 591 1189 republica
605 1098 704 1166 tribui
718 1099 845 1171 solebat
861 1106 979 1199 injuria
996 1103 1105 1186 caesis,
1117 1098 1201 1170 sicut
1214 1114 1248 1169 et
1260 1102 1295 1169 P.
1307 1098 1442 1170 Junio²⁰

382 1214 417 1268 et
436 1203 512 1270 Tito
532 1203 762 1290 Coruncanio,
789 1210 846 1301 qui
873 1210 915 1279 ab
941 1207 1086 1279 Teuca²¹
1114 1205 1302 1299 lllyriorum
1326 1208 1442 1302 regina

381 1306 546 1377 interfecti
565 1325 668 1378 erant.
691 1315 767 1381 Non
785 1316 1002 1385 omittendum
1023 1311 1172 1393 videtur,
1193 1311 1282 1405 quod
1297 1310 1442 1381 Annales

348 1424 364 1481 t
382 1426 600 1498 annotarem,
625 1417 831 1510 tripedaneas
842 1421 893 1491 his
909 1436 1032 1491 statuas
1043 1420 1076 1487 in
1094 1420 1180 1485 Foro
1195 1431 1343 1486 statutas.
1360 1420 1443 1487 Haec
1474 1417 1478 1424 ’

381 1514 534 1588 videlicet
552 1545 706 1590 mensura
721 1523 883 1594 honorata
900 1542 981 1596 tunc
996 1539 1075 1595 erat.
1094 1526 1172 1593 Non
1188 1514 1362 1617 preteribo
1375 1526 1440 1593 Cn.

383 1623 561 1693 Octavium
571 1627 594 1653 ²²
606 1628 650 1694 ob
670 1650 773 1697 unum
792 1631 915 1702 scilicet
932 1631 1094 1701 verbum:
1124 1658 1141 1693 a
1157 1629 1213 1697 hic
1241 1652 1350 1722 regem
1372 1632 1440 1697 An-

381 1793 464 1848 ditam
482 1796 793 1869 aaa.1.ivius‚vt1‚p.
810 1802 888 1854 168:
976 1818 1022 1854 ιι.
1046 1798 1097 1869 Qui
1116 1796 1146 1848 eb
1175 1795 1265 1849 Teura.
1283 1796 1401 1849 Teutana
1425 1816 1441 1849 a

386 1902 397 1923 ι
411 1874 527 1926 Marcius
540 1875 574 1928 de
588 1877 708 1931 Hernicis
720 1879 889 1950 triumphans
933 1878 1013 1933 Floro
1024 1876 1188 1949 appellatur,
1202 1876 1270 1943 n‚5
1285 1898 1291 1927 ι
1315 1876 1441 1947 «Illyrii,

382 1955 410 2008 in
426 1954 528 2007 Urbem
545 1953 641 2021 rediit3
660 1968 798 2029 statuaque
813 1977 890 2029 eque·
932 1978 977 2012 seu
993 1956 1114 2009 Liburnii
1132 1956 1182 2008 sub
1194 1955 1317 2007 extremis
1327 1954 1440 2025 Alpium

382 2033 442 2088 stris
455 2032 483 2085 in
500 2034 558 2086 foro
572 2032 677 2089 decreta
692 2048 745 2099 est,
760 2056 818 2107 quae
829 2051 889 2090 ante
932 2036 1067 2091 radicibus
1080 2046 1176 2105 agunt,
1192 2035 1261 2087 inter
1275 2033 1378 2086 Arsiam
1392 2035 1441 2087 Ti·

383 2112 512 2183 templum
525 2114 641 2168 Castoris
651 2116 736 2185 posita
749 2128 819 2168 esa·
834 2118 868 2169 H.
933 2130 1044 2186 tumque
1071 2114 1185 2175 flumen,
1214 2113 1363 2183 longissime
1391 2132 1441 2185 per

425 2192 775 2264 18.Tulliictoetti.1atteg.
790 2215 814 2255 a,
824 2214 889 2262 raon,
933 2209 1017 2249 totum
1033 2193 1143 2246 Adriani
1164 2191 1244 2245 maris
1263 2193 1337 2245 littus
1352 2193 1442 2247 effusi.

383 2283 413 2323 ut
428 2270 509 2333 editi,
527 2272 608 2325 catii.
625 2273 714 2326 Exstat
731 2274 759 2325 in
774 2274 889 2327 Cimelio
932 2276 968 2327 lli
979 2287 1103 2344 regnante
1118 2272 1236 2324 Teutana
1250 2272 1373 2337 muliere,
1390 2292 1440 2343 po·

382 2351 487 2421 collegii
500 2350 585 2403 nostri
598 2351 750 2405 Parisiensis
763 2371 890 2405 nummus
932 2354 1113 2422 pulationibus
1124 2370 1177 2403 non
1187 2353 1314 2414 contenti,
1324 2351 1440 2405 licentiae

384 2429 497 2483 Cloulias
514 2447 562 2481 seu
581 2430 679 2484 Cloelias
695 2433 780 2501 gentis
799 2433 890 2485 inscri-
932 2434 1015 2487 scelus
1035 2431 1202 2485 addiderunt.
1213 2432 1323 2502 Legatos
1339 2432 1440 2503 quippe

382 2522 444 2581 ptus
463 2529 507 2562 ra.
525 2528 638 2575 onorat,
657 2512 709 2565 boc
733 2523 787 2576 est,
814 2512 891 2566 Tullii
931 2526 1047 2575 nostros,
1072 2512 1107 2564 ob
1129 2528 1235 2584 eaquae
1256 2510 1440 2582 deliquerant,

385 2589 490 2654 Cloulii,
499 2609 553 2643 non
564 2590 628 2643 Titi.
635 2592 730 2645 Cicero
738 2592 764 2645 in
771 2593 889 2664 Philipp.
929 2595 989 2663 jure
1008 2604 1126 2662 agentes,
1148 2609 1198 2644 nec
1210 2589 1299 2661 gladio
1313 2590 1439 2662 quidem,

382 2671 480 2735 1x‚n.
497 2668 512 2721 5
532 2687 539 2720 :
556 2696 567 2716 ι
583 2669 672 2740 Atque
684 2671 747 2724 buic
766 2683 794 2722 et
809 2671 888 2724 Tullo
931 2670 977 2724 sed
991 2684 1020 2724 ut
1030 2671 1163 2735 victimas,
1174 2670 1258 2722 securi
1269 2670 1438 2742 percutiunt,

384 2749 472 2802 clivio
489 2737 564 2818 (lege
577 2748 662 2801 Clam
671 2747 692 2812 ),
705 2764 731 2802 et
743 2751 773 2802 L.
783 2751 890 2817 Roscio,
932 2763 999 2802 etc..
1015 2751 1106 2804 Hian.
1117 2781 1157 2792 —
1169 2749 1242 2802 Brot.
1252 2769 1306 2802 non
1316 2751 1437 2813 Teucera,

384 2842 411 2884 et
420 2831 466 2898 Sp.
478 2829 559 2880 Antio
576 2823 644 2899 (lege
654 2847 759 2880 rursum
770 2825 889 2895 Nautis),
932 2829 977 2882 sed
991 2833 1090 2882 Teusom
1102 2829 1225 2900 appellat.
1239 2829 1290 2880 En.

383 2923 411 2963 et
421 2910 452 2962 C.
466 2907 588 2961 Fulcinio
599 2909 646 2977 qui
659 2907 836 2960 aVeieutium
847 2928 890 2962 re·
975 2930 1019 2964 aa.
1036 2909 1082 2962 Ca.
1095 2909 1230 2962 Octavium.
1240 2907 1340 2960 Plinius
1351 2921 1437 2972 errat,

383 3008 415 3060 ge
428 2990 486 3042 caesi
500 3000 576 3050 sunt,
588 3004 643 3038 non
655 2987 758 3056 sanguis
767 2985 814 3057 qui
829 3007 890 3057 pro-
932 2988 977 3058 qui
991 2991 1062 3042 hunc
1075 2989 1122 3042 Ca.
1133 2987 1259 3040 Octavium
1270 2987 1397 3056 appellat,
1411 2999 1437 3040 et

382 3071 458 3121 lusus
474 3078 515 3120 est
533 3067 561 3118 iu
574 3078 674 3128 morte,
690 3062 736 3118 sed
748 3066 804 3138 ipsa
819 3085 890 3121 mors
932 3066 1082 3132 historiam,
1101 3068 1155 3119 sive
1174 3068 1239 3120 lacta
1255 3065 1372 3136 duplicia
1387 3065 1437 3118 mi-

381 3152 417 3203 ob
424 3146 616 3218 rempublicam
624 3145 695 3197 obita
702 3145 802 3197 honori
810 3146 886 3200 fuit·
932 3161 984 3200 acet
1004 3167 1033 3200 ac
1048 3146 1196 3200 confundit.
1214 3147 1274 3198 Non
1292 3164 1370 3198 nemo
1388 3145 1437 3216 qui

425 3247 470 3297 ¹9·
491 3229 519 3282 A
539 3224 706 3278 Fidemeibm.
722 3225 817 3278 Cicero
830 3226 888 3280 loco
932 3225 1048 3280 Plinium
1073 3226 1204 3280 recensuit
1227 3237 1254 3277 et
1282 3224 1435 3290 adnotavit,

381 3308 461 3363 citato
474 3307 509 3360 de
529 3305 571 3359 his
586 3305 650 3376 ipsis
663 3323 740 3374 agens
755 3323 830 3358 num.
848 3312 864 3370 4
880 3324 887 3358 :
931 3305 1026 3360 frustra
1038 3306 1113 3358 estin
1124 3307 1182 3358 viro
1192 3302 1436 3370 defendendo.Tu,

385 3413 396 3433 ι
410 3387 502 3440 [artes
511 3384 669 3440 Tolumnius
679 3402 725 3436 rex
733 3382 887 3438 Veientium
930 3385 952 3436 si
969 3385 1039 3438 voles
1053 3385 1151 3436 sontem
1170 3385 1256 3456 ipsunt
1272 3385 1368 3437 erroris
1380 3387 1438 3454 ejus

380 3479 496 3536 qumor
513 3466 611 3536 legatos
631 3462 767 3534 populiR.
781 3463 888 3517 Fidenis
930 3465 1045 3534 reperies
1077 3464 1106 3516 in
1131 3463 1267 3517 Ciceronis
1288 3463 1437 3534 Philippica

380 3545 535 3600 interemit·
552 3561 666 3616 quorum
684 3554 775 3594 statue
791 3543 818 3594 in
833 3545 886 3595 Ro·
928 3561 1006 3596 nova.
1021 3545 1139 3596 Larsrus.
1152 3575 1190 3586 -
1203 3541 1289 3596 Immo
1305 3541 1334 3594 C
1347 3543 1436 3612 Popil-

379 3625 600 3685 striseteterunt,
621 3618 753 3692 usquead
769 3634 885 3676 nostram
929 3623 994 3675 ἰίιιιιι.
1008 3621 1088 3689 Quod
1099 3620 1207 3676 suadent
1217 3621 1353 3692 Polybius
1361 3621 1438 3675 Cice-

380 3704 562 3757 memoriam.»
551 3702 665 3754 Fuere
679 3701 810 3753 llostrain
827 3701 885 3754 loro
928 3721 975 3766 ro,
988 3703 1093 3766 Livius,
1110 3701 1238 3754 Valerius.
1264 3701 1377 3782 Ζοιιιιιιι
1397 3713 1439 3753 tu·

379 3800 492 3836 murano
500 3782 629 3852 ,regione
642 3779 724 3831 Urbis
738 3790 839 3832 octava.
851 3779 885 3832 H.
929 3799 991 3834 tuen
1007 3781 1044 3834 M.
1058 3740 1188 3851 Pdpillium
1207 3781 1287 3834 etiam
1307 3767 1436 3832 nominat.

421 3879 464 3914 ao.
477 3862 507 3914 P.
521 3859 603 3913 durio.
620 3856 754 3910 Fratribus
766 3876 798 3910 ex
811 3859 886 3912 lami·
928 3859 982 3912 Sed
998 3878 1114 3912 errorem
1136 3862 1191 3931 ejus
1214 3859 1377 3930 redarguunt
1396 3857 1437 3910 l'a·

378 3940 412 3994 lia
429 3939 510 3993 Iunia
524 3942 752 3994 Coruncanorum·
770 3938 803 3990 In
821 3939 884 4007 lieg.
929 3938 979 3992 cile
994 3951 1087 4002 testes,
1100 3958 1168 4011 quos
1185 3936 1255 4000 dixi,
1274 3938 1348 3991 omui
1365 3955 1437 3991 esce·

381 4039 395 4070 a
421 4018 482 4074 eod.
501 4019 649 4074 Ccmtiana
670 4016 777 4088 legitur.
797 4018 829 4070 In
851 4017 886 4070 la·
929 4018 1019 4088 ptione
1032 4019 1280 4088 majores.Voss.—
1295 4017 1342 4070 Cn.
1361 4017 1438 4070 Octa·

378 4097 442 4166 pide
463 4099 616 4171 Capitolino
636 4093 707 4166 apud
726 4095 885 4160 Gruterum,
931 4099 1000 4149 aiom.
1021 4097 1082 4150 Fuit
1096 4098 1144 4150 iste
1157 4097 1283 4150 Octauius
1297 4115 1312 4148 e
1328 4097 1436 4166 majori·

380 4191 409 4242 p.
428 4173 816 4244 ’submurmurantium
930 4175 978 4227 bus
1000 4175 1103 4230 Octavii
1129 4175 1250 4241 Caesaris,
1275 4175 1319 4246 qui
1348 4175 1437 4228 Cmr
