3100 5125
377 525 449 598 606
643 529 683 597 C.
709 525 883 597 PLINII
907 526 1017 597 NAT.
1045 527 1175 596 HlST.

377 658 552 732 situdinem
568 659 621 729 sui
638 657 791 729 facilitate
809 658 1047 730 translucida⁹:
1068 660 1274 779 quodetiam
1295 664 1332 731 in
1351 665 1446 758 aquis

321 751 325 758 ’
377 795 439 838 nos
453 765 566 862 jurat¹
570 764 711 835 &Iidem
733 765 927 861 plerumque
947 768 1147 854 attenuari,
1167 782 1205 836 ut
1225 770 1334 838 visum
1354 771 1447 840 colli·

377 874 499 969 gans.
478 872 730 966 ¹Quapropter
743 871 909 943 decreto¹²
924 873 1132 943 hominum''
1112 897 1149 942 us
1162 876 1322 968 parcitur,
1343 877 1446 972 scalpi

378 981 498 1049 vetitis.
517 981 717 1073 Quanquam
733 965 995 1072 Scythicorum¹³
1010 982 1306 1075 AEgyptiorumque
1323 982 1445 1053 duritia
1523 989 1524 992 ’

370 1099 471 1156 tauta
493 1099 563 1169 est,
587 1100 627 1154 ut
644 1101 814 1222 nequeant
837 1085 1012 1156 vulnerari.
1034 1088 1187 1174 Quorum
1210 1111 1293 1157 vero
1321 1111 1445 1183 corpus

334 1256 338 1262 .
377 1207 548 1263 extumum
568 1189 641 1260 cst¹
644 1177 794 1277 ⁴,cadem
805 1217 898 1286 ,qua
917 1192 1070 1322 specula,
1088 1195 1215 1262 ratione
1233 1197 1344 1289 supini
1361 1198 1445 1265 ima·

374 1299 469 1392 gines
481 1321 592 1366 rerum
606 1245 758 1366 reddunt.
769 1299 862 1367 Nero
876 1300 1031 1393 princeps
1044 1284 1299 1393 ¹⁵gladiatorum
1314 1325 1444 1395 pugnas

377 1405 550 1499 spectabat
566 1403 750 1498 smaragdo.

344 1543 357 1579 ι
429 1513 542 1580 XVII.
574 1513 706 1579 Genera
734 1535 851 1579 eorum
861 1509 1070 1579 ¹duodecim
1098 1536 1105 1576 :
1145 1510 1342 1580 nobilissimi
1367 1515 1444 1606 Sey·

417 1725 445 1774 9.
460 1704 507 1756 At
519 1704 697 1755 crassitudinem
716 1707 754 1756 sui
760 1704 885 1771 facilitate
929 1704 1037 1769 Maria,
1052 1705 1112 1756 filiu
1126 1703 1259 1758 Stiliconia
1269 1745 1278 1774 ,
1287 1708 1379 1762 uxoris
1388 1710 1442 1763 llo-

374 1783 532 1837 translucida.
554 1781 597 1834 Ad
611 1783 730 1834 intimam
749 1802 832 1854 usque
844 1784 885 1836 sui
928 1784 1013 1843 narii,
1032 1782 1106 1853 quod
1123 1785 1248 1837 effossum
1265 1798 1305 1838 est
1326 1789 1354 1839 iu
1370 1790 1443 1842 Vati·

375 1861 593 1926 crassitudinem,
606 1861 732 1932 quoniam
744 1863 885 1915 transluci·
929 1881 995 1914 cano
1009 1865 1043 1914 D.
1060 1863 1132 1915 Petri
1145 1864 1262 1934 templo,
1276 1883 1349 1918 auno
1362 1868 1443 1934 1593,

370 1943 476 2005 tlaest,
493 1942 607 1995 etfacile
621 1942 706 1996 risum
720 1942 884 1995 transmittit.
929 1941 999 1994 iuter
1023 1954 1127 1995 caeteras
1149 1943 1276 2013 'gemmas
1301 1947 1442 2018 pluresque

376 2024 468 2077 uun.
929 2020 1081 2091 smaragdos
1101 2041 1169 2074 unus
1188 2035 1243 2076 erat
1262 2023 1362 2096 inquo
1378 2027 1441 2080 inci-

418 2121 461 2154 ιο.
477 2100 552 2169 Quod
558 2104 629 2152 etiam
639 2103 664 2151 ιἰι
672 2103 741 2168 aquis
753 2119 798 2151 nus
805 2103 885 2168 juvat.
930 2119 986 2152 sum
1002 2100 1114 2153 Houorii
1128 2114 1215 2171 caput.
1233 2103 1316 2157 Buor.

374 2182 419 2236 Sic
430 2181 507 2233 MSS.
519 2182 584 2250 ch.
603 2199 635 2241 a,
650 2178 725 2232 Colb.
743 2179 771 2243 3,
789 2180 886 2250 aliique
974 2181 1017 2233 13.
1035 2183 1178 2254 Quanquam
1189 2179 1373 2252 Scytbicum,
1392 2199 1439 2240 etc.

373 2279 447 2325 non,
469 2273 499 2312 ut
524 2259 590 2312 editi
611 2277 766 2330 perperam,
782 2284 794 2307 ι
811 2257 895 2331 quod
931 2258 1038 2312 Solinus
1051 2260 1102 2312 loc.
1115 2261 1160 2314 cit.
1182 2261 1272 2315 Hanc.

374 2340 455 2393 etiam
469 2339 497 2392 in
510 2340 585 2410 aquis
598 2357 654 2390 nou
666 2338 707 2391 fit.
722 2364 734 2385 ι
749 2340 886 2392 Sententia
973 2346 1016 2402 14.
1035 2341 1142 2407 Quorum
1153 2359 1211 2392 aero
1221 2361 1308 2412 corpus
1322 2355 1439 2395 estensem

374 2432 428 2485 est,
448 2419 477 2472 in
494 2420 568 2489 aquia
582 2418 661 2471 etiam
675 2419 769 2487 jurare
783 2419 835 2472 hoc
854 2438 886 2473 ao
930 2429 973 2470 est.
990 2417 1094 2472 Solinus
1110 2420 1173 2472 item
1192 2419 1242 2473 luo.
1256 2423 1303 2474 ait.
1319 2434 1348 2476 et
1358 2423 1439 2476 Isido-

373 2499 506 2554 delectare
525 2499 688 2571 plurimum,
710 2498 836 2552 sivitrea
856 2517 886 2551 ac
929 2515 975 2549 rus
976 2491 1069 2569 ..Orig
1082 2499 1131 2552 lib.
1145 2501 1211 2552 XVI
1214 2519 1266 2571 ,.7
1281 2501 1439 2556 hlabodeus

374 2578 508 2651 pellucida
527 2578 726 2649 perspicuitate,
746 2578 809 2631 ad
801 2598 886 2632 amum
930 2577 978 2629 lib.
1003 2577 1037 2632 ds
1058 2578 1181 2672 lapidib.
1202 2594 1272 2650 pret.
1297 2603 1356 2655 cap.
1380 2584 1437 2647 54.

373 2679 458 2732 usque
482 2657 612 2721 fundum,
641 2659 712 2711 risus
734 2656 885 2734 admittant.
932 2657 1074 2728 «Optimus
1093 2660 1137 2713 hic
1155 2660 1221 2712 situs
1239 2675 1296 2725 est,
1328 2682 1437 2735 quorun

372 2740 445 2793 llinc
460 2737 528 2791 illud
546 2738 580 2791 de
597 2738 671 2791 fonte
685 2725 885 2809 pervulgatum,
928 2750 990 2789 sunt
1004 2756 1119 2809 corpora
1133 2738 1247 2833 plana.
1267 2742 1361 2795 Hsan.

373 2832 405 2872 ut
418 2821 483 2871 sit
497 2818 586 2870 vitreis
602 2816 881 2887 pellucidusundisn
973 2815 1016 2869 15.
1030 2818 1069 2870 Ne
1056 2823 1221 2888 emprinceps.
1237 2819 1372 2887 Isidorus,
1382 2822 1437 2874 loco

417 2916 461 2952 ιι.
480 2898 514 2951 Ut
529 2901 607 2949 auum
622 2897 747 2965 coldgant.
758 2898 797 2950 Ut
810 2916 885 2969 aspu-
929 2895 1021 2962 citato.
1037 2897 1211 2961 ldarbodeua,
1230 2899 1279 2953 lib.
1298 2900 1333 2954 de
1347 2899 1438 2972 Lepid.

370 2991 446 3033 etum
456 2989 567 3047 coguut,
578 2996 627 3030 nec
639 2975 824 3047 radios,quus
838 2996 886 3030 so·
902 2968 904 2973 ’
929 2989 997 3045 pret.
1013 2995 1071 3046 cap.
1087 2978 1123 3040 54
1140 3000 1146 3028 :
1167 3004 1178 3025 ι
1194 2977 1283 3031 Omne
1294 2980 1385 3034 virens
1396 3000 1437 3033 su·

372 3071 435 3113 cant
458 3057 586 3120 visuales,
611 3055 751 3126 dissipent.
783 3057 884 3127 Dignus
928 3068 1004 3126 perat
1022 3057 1105 3109 forma
1121 3056 1255 3111 viridante
1273 3060 1439 3131 smaragdus,

372 3236 402 3287 p.
418 3216 464 3280 36,
478 3217 551 3269 hunc
563 3216 642 3267 Plinii
654 3216 743 3267 locum
752 3216 789 3268 sic
802 3217 880 3269 inter
929 3216 1069 3268 seruntura
1085 3216 1238 3287 Praecipuus
1252 3219 1383 3292 Scythicis
1392 3220 1439 3271 bo·

370 3308 514 3366 pretatur:
542 3321 554 3341 ι
572 3296 663 3359 Quum
685 3296 794 3347 ounoavi
825 3309 886 3357 suut
929 3312 977 3347 nos
989 3308 1044 3359 est,
1059 3309 1086 3348 et
1096 3297 1178 3366 gratia
1190 3302 1285 3367 major.
1303 3298 1352 3351 llis
1365 3318 1438 3353 usum

371 3373 522 3445 smaragdi,
564 3375 768 3445 inspectantium
807 3374 886 3429 facies
929 3374 1043 3443 speculis
1062 3387 1171 3427 testatur
1196 3376 1264 3429 famu
1287 3380 1437 3449 Neronem,

331 3504 338 3525 ,
373 3454 537 3507 aemulantur.
554 3479 566 3499 ·
584 3455 677 3507 Haan.
776 3478 780 3489 ·
929 3453 1201 3524 Quumgladiatorum
1212 3474 1315 3526 pugnas
1323 3470 1437 3529 spectare

417 3552 462 3587 ιι.
488 3534 641 3603 Quapropter
665 3534 768 3586 decreto.
799 3532 884 3585 sotini
929 3534 1035 3587 libebat.
1051 3555 1062 3578 ι
1076 3534 1168 3587 Haut).

373 3612 562 3684 paraphrasis:
581 3638 592 3659 ι
610 3612 667 3665 Nec
681 3613 760 3665 aliam
774 3612 810 3664 ob
823 3632 884 3665 cau·
968 3612 1058 3665 XVII.
1074 3612 1438 3669 autumniautumni

372 3712 427 3747 saar
437 3692 536 3763 placuit
545 3704 576 3745 ut
586 3710 641 3745 non
651 3692 840 3762 scalperentur,
851 3710 884 3745 ne
929 3692 1048 3761 Magnus,
1056 3691 1102 3743 lib.
1109 3694 1136 3743 11
1145 3691 1313 3747 delliueral.
1323 3714 1353 3765 p.
1368 3697 1420 3749 2³6
1430 3714 1436 3749 :

371 3773 507 3825 offensum
520 3769 601 3825 decus
615 3772 762 3841 imaginum
784 3771 884 3824 lacunis
932 3796 944 3819 ι
955 3769 1103 3842 smaragdi,
1111 3784 1223 3843 propter
1231 3774 1387 3845 planitieiet
1396 3794 1438 3828 eo·

370 3854 598 3921 corrumperetur.
609 3877 621 3899 ι
637 3851 727 3904 ilua.
746 3882 786 3894 --
802 3850 885 3919 Scalpt'
927 3850 991 3903 loris
1001 3850 1169 3915 varietatem,
1182 3850 1275 3906 dicunt
1286 3872 1342 3907 esse
1355 3853 1440 3907 direr-

372 3937 462 3985 aetr'u's.
479 3930 547 3984 lbde
562 3931 590 3984 in
603 3928 885 4000 dactyliothecisanti·
926 3930 1014 3983 sitates
1037 3928 1189 3985 duodecim.
1204 3956 1215 3978 ι
1242 3933 1323 3986 Nunc
1346 3952 1439 4003 genera

371 4026 485 4081 quarum
500 4028 664 4081 gemmarum
678 4009 802 4063 rarissimi
823 4023 884 4063 sunt
926 4021 1029 4063 tantum
1045 4010 1108 4063 bina
1126 4024 1288 4079 ιιοιοιιιιιιιις
1301 4014 1438 4067 ¹orientale

371 4089 513 4162 smaragdi.
521 4092 556 4143 At
568 4090 703 4162 quumbis
716 4091 817 4160 legibus
828 4108 882 4143 ιιοιι
926 4102 953 4142 et
974 4089 1139 4144 occidentale
1161 4109 1167 4143 :
1190 4092 1223 4145 ab
1253 4090 1338 4147 Iudiia
1370 4092 1437 4146 unde

372 4181 526 4223 tenerentur
538 4170 687 4240 principes,
710 4169 739 4222 in
758 4169 887 4240 sepulcro
926 4167 1105 4223 advehuntur.
1123 4168 1214 4223 Haan.
1287 4210 1288 4215 ,
