3100 5125
478 509 635 584 iruna
663 516 864 590 xxxvrr.
1131 483 1206 604 605¹

139 647 256 718 causis.
274 642 405 716 Nullius
417 643 537 715 coloris
554 660 707 740 aspectus
714 649 895 742 jucundior
910 670 968 726 est.
983 662 1066 731 Nam
1082 651 1203 737 herhas

138 777 271 846 quoque
288 753 432 820 virentes
453 751 651 846 frondesque
669 753 765 824 aride
784 775 993 853 spectamus:
1013 770 1203 866 smaragdos
1257 755 1259 759 ⁸

137 882 220 927 vero
237 872 331 927 tanto
348 857 522 943 libentius,
539 859 694 953 quoniam
710 861 792 930 nihil
810 869 945 937 omnino
961 873 1096 944 viridius
1114 902 1204 946 com·
1241 905 1246 912 ·

138 979 292 1058 paratum
312 962 375 1032 illis
396 951 507 1032 viret³.
534 968 696 1034 Praeterea
720 956 802 1036 soli⁴
824 996 1027 1064 gemmarum
1055 986 1238 1054 contuitus

138 1068 254 1139 oculos
280 1067 435 1163 implent,
462 1095 523 1140 nec
548 1073 678 1139 satiant.
702 1072 793 1165 Quin
818 1091 852 1146 et
875 1080 917 1148 ab
941 1083 1121 1156 intentione
1143 1089 1207 1159 alia

139 1175 334 1258 obscurata,
353 1189 488 1269 aspectu
515 1176 680 1270 smaragdi
701 1195 870 1252 recreatur
896 1187 992 1257 acies.
1017 1191 1203 1288 Scalpenti-

137 1279 266 1375 busque
282 1305 428 1375 gemmas
447 1306 514 1349 non
533 1280 595 1350 alia
615 1271 761 1376 gratior⁵
784 1288 957 1360 oculorum
977 1296 1112 1368 refectio
1130 1315 1202 1370 est:

137 1388 186 1455 ita
206 1385 303 1454 viridi
322 1385 455 1455 lenitate
478 1386 702 1456 lassitudinem
723 1391 880 1464 mulcent.
896 1399 1058 1470 Praeterea
1072 1402 1205 1501 longin-

137 1517 206 1586 quo
220 1491 464 1586 amplificantur
476 1477 583 1578 visu⁶,
611 1492 799 1567 inlicientes
814 1501 903 1570 circa
924 1528 958 1572 se
972 1530 1203 1600 repercussum

137 1598 251 1666 aera⁷:
276 1623 343 1666 nou
363 1596 431 1666 sole
450 1585 596 1684 mutati⁸,
616 1623 685 1667 non
704 1603 844 1690 umbra,
860 1632 927 1676 non
941 1608 1098 1702 lucernis,
1119 1642 1206 1687 sem·

137 1727 264 1798 perque
283 1704 403 1772 sensim
423 1703 604 1791 radiantes,
626 1718 660 1773 et
678 1707 787 1776 visum
807 1710 1037 1806 admittentes,
1056 1720 1096 1789 ad
1118 1748 1206 1794 cras·

73 1993 76 1996 g
136 1928 267 2001 antiquis,
281 1928 396 1982 maxime
414 1928 523 1992 Marisa,
535 1926 649 1980 Honorii
693 1927 722 1980 iu
737 1931 813 2003 aquis
823 1934 876 1989 hoo
886 1935 965 1992 etiain
978 1943 1069 2012 jurare
1078 1945 1115 1999 ait
1125 1959 1151 2001 et
1161 1947 1206 2003 de.

136 2009 307 2079 imperatoris
318 2008 416 2061 uxoris.
428 2007 514 2061 Pedes
526 2008 585 2061 solii
602 2008 650 2060 im·
693 2007 805 2077 lectare,
827 2015 848 2066 si
866 2017 948 2071 vitrea
968 2023 1155 2093 perspicuitate
1167 2029 1207 2082 vi-

136 2088 267 2158 peratoris
281 2087 389 2140 Tui-cici
402 2083 413 2148 (
426 2100 455 2139 ut
466 2088 550 2141 fertur
560 2077 571 2154 )
583 2105 649 2143 ema·
694 2106 752 2142 sam
773 2091 809 2146 ad
823 2093 905 2148 imum
926 2117 1009 2171 osque
1028 2103 1141 2158 fundum
1162 2106 1206 2162 ad.

137 2164 227 2238 ragdis
236 2167 346 2238 fulgent.
362 2167 430 2220 Sunt
443 2179 531 2220 tamen
545 2167 591 2237 qui
604 2186 650 2219 ve·
695 2169 810 2224 mittant.
824 2173 857 2226 Et
870 2176 950 2245 paulo
961 2191 1019 2249 post
1029 2182 1104 2253 lege:
1120 2211 1131 2232 ι
1142 2187 1208 2241 Pro.

136 2246 190 2299 lint
222 2265 315 2299 verum
343 2244 509 2318 smaragdum
536 2245 649 2316 reperiri
695 2248 797 2302 simam·
823 2251 927 2308 laudem
957 2259 1055 2314 habeut
1087 2264 1154 2318 sicat
1181 2279 1208 2321 et

136 2336 242 2380 tantum
256 2325 283 2377 in
296 2325 430 2379 Ameriea.
447 2327 608 2380 Biton—Et
620 2327 649 2378 iu
694 2328 801 2395 sedeur,
824 2332 956 2388 Bactriani
976 2339 1004 2390 in
1025 2345 1204 2400 commissuri,

136 2405 200 2459 Asia
215 2423 326 2476 qnoque
340 2405 471 2458 orientali.
486 2405 540 2458 En.
694 2425 818 2462 saxorum
849 2414 972 2485 colligere
1004 2437 1051 2472 eos
1080 2421 1207 2480 dicum„

179 2483 206 2536 3.
222 2485 295 2538 ΝἱΙιίΙ
302 2487 397 2539 omuino
411 2486 515 2538 auidius
525 2504 650 2555 compara·
694 2486 789 2542 Etesiis
802 2488 927 2546 flantibus
939 2513 946 2547 ε
964 2510 1027 2551 tnnc
1040 2501 1111 2553 eninr
1123 2504 1201 2557 tella.

136 2577 188 2617 auur
209 2566 258 2617 attis
285 2549 353 2619 iuret.
375 2566 440 2636 Leg.
465 2564 652 2635 «Smaragdos
694 2586 724 2619 re
740 2582 829 2640 aperta
851 2573 954 2639 nitent,
980 2590 1054 2632 ete..
1072 2581 1106 2634 Et
1125 2585 1206 2653 paulo

136 2663 202 2697 vero
216 2656 290 2698 tanto
309 2645 448 2710 libentius,
461 2645 589 2716 quoniam
608 2645 650 2697 ni·
693 2660 756 2717 post
770 2665 778 2700 τ
794 2643 814 2697 ἰ
828 2650 949 2707 Tertium
974 2656 1061 2711 locum
1087 2663 1208 2733 AEgypffi

136 2725 177 2777 hil
204 2726 314 2777 omnino
340 2723 455 2778 viridius
477 2736 649 2796 comparatu,
694 2725 866 2801 habeut,qui
879 2748 1008 2789 eruuntur
1019 2738 1088 2792 circa
1098 2742 1206 2813 Copton

135 2816 188 2857 etc.
204 2829 216 2849 ·
228 2804 313 2858 Sam.
694 2805 809 2871 incolis,
824 2813 1005 2880 creantibus,
1021 2842 1031 2863 ι
1046 2817 1074 2870 id
1088 2834 1145 2885 est,
1158 2823 1205 2893 qui

179 2890 206 2947 4.
223 2884 347 2937 Praeterea
366 2884 426 2946 soli,
451 2897 500 2938 etc.
526 2884 649 2949 Solinus,
694 2892 1207 2956 eruunturexcautibusabineoliscirca

135 2982 168 3015 ex
179 2962 378 3036 Theophrasto,
393 2978 419 3019 et
435 2962 650 3030 Isidorus,'loeia
695 2965 811 3034 Copton.
828 2970 945 3025 Sanuas.
964 3005 1002 3015 -
1019 2977 1207 3050 Amptficamur

135 3042 231 3097 citatis.
247 3045 340 3097 Haan.
563 3040 566 3046 ’
693 3046 906 3103 ecupriorem
927 3070 959 3104 ex
977 3054 1056 3127 longo
1075 3060 1153 3129 spatii
1168 3060 1207 3113 ῑῃ.

179 3123 205 3176 5.
231 3122 441 3195 &euntibusque
469 3144 576 3194 guerrae
602 3140 650 3176 noa
694 3125 1205 3210 terrallooculosl'eriunt,etampliui.

46 3259 51 3267 .
136 3203 189 3255 alia
206 3208 311 3272 gratior.
332 3202 456 3263 Solinus,
475 3204 534 3257 loco
548 3203 649 3257 citato:
695 3224 766 3258 mam
778 3208 903 3263 emittunt
918 3229 951 3263 ex
964 3231 992 3265 se
1005 3213 1099 3270 lucem.
1115 3220 1205 3273 lirun.
1303 3238 1307 3245 ’

140 3307 153 3329 ι
168 3282 273 3335 Deinde
289 3284 398 3336 obtutus
417 3283 538 3354 fatigatos
553 3283 650 3337 coloris
737 3305 764 3355 7.
780 3286 914 3356 Inficr'eotes
927 3294 991 3343 cirea
1004 3312 1029 3345 se
1047 3315 1205 3367 repercussum

136 3360 263 3415 reficiunt
273 3363 397 3431 leuitate:
411 3382 473 3415 nam
484 3362 570 3427 visua,
581 3382 651 3434 quos
696 3385 762 3416 aera.
776 3366 876 3421 Eadem
891 3371 998 3441 ambage
1008 3379 1149 3440 semonnia,
1162 3380 1207 3433 So-

141 3442 252 3495 alterius
274 3460 385 3511 gemma
402 3442 491 3513 fulgor
507 3442 651 3508 retuderit,
696 3444 775 3509 linus,
790 3465 849 3517 pag.
863 3448 899 3501 36
917 3470 924 3500 ε
941 3476 952 3497 ι
969 3450 1088 3509 Proxima
1105 3459 1156 3511 sibi
1167 3460 1207 3512 in·

142 3520 275 3593 smaragdi
295 3534 417 3575 recreant
432 3534 460 3573 et
483 3535 623 3575 exacuunt.
636 3547 647 3569 ι
697 3523 791 3577 liniunt
803 3544 861 3578 aere
872 3546 1054 3599 repercusso·
1070 3537 1204 3603 Isidorus,
1262 3562 1268 3573 ·

135 3598 230 3655 Ηηη,
697 3603 747 3657 loc.
766 3604 811 3657 cit.
829 3608 979 3662 -1nfieiunr
996 3613 1065 3667 circa
1076 3616 1206 3670 seriridi·

179 3684 208 3733 6.
224 3679 415 3750 Amplr‘ficantar
433 3685 503 3746 uua,
524 3693 574 3735 etc.
589 3683 652 3735 Am·
698 3695 750 3736 tate
759 3702 941 3756 repercussum
949 3707 1064 3745 aerem..
1078 3694 1204 3750 albertus

136 3758 251 3831 plificari
263 3761 320 3813 visu
327 3761 473 3831 longinquo
482 3760 650 3833 scribit,quia
696 3762 808 3833 Magnus
821 3764 854 3817 de
865 3766 960 3821 Miner.
978 3770 1023 3823 lib.
1039 3773 1075 3837 ΙΙ,
1088 3792 1115 3842 p.
1131 3771 1204 3843 239:

136 3856 225 3891 aerem
238 3840 289 3892 sibi
300 3839 416 3893 vicinum
425 3840 580 3904 inficientes,
590 3862 650 3913 qua
697 3844 929 3898 «Vicinumaerem
938 3866 982 3901 sua
993 3849 1097 3903 videtur
1106 3853 1206 3925 tingere

136 3919 260 3989 proxima
272 3933 350 3983 sunt,
364 3920 448 3972 immo
457 3921 535 3973 etiam
547 3923 650 3993 longin-
695 3921 866 3978 viriditate.»
881 3926 970 3980 liano.
1064 3918 1081 3953 ⁰
1115 3964 1117 3969 ·

136 4017 204 4069 qua,
215 3998 331 4053 videnda
345 3998 452 4053 tradant
468 4000 649 4074 oeulispriridi
735 4003 760 4055 8.
772 4004 831 4055 Non
844 4004 894 4055 sole
909 4010 1002 4061 mutati.
1019 4008 1074 4062 Nec
1087 4012 1140 4078 sol,
1153 4030 1204 4069 neo

136 4077 229 4130 colore
237 4078 344 4132 inlecta.
359 4080 394 4133 Et
409 4078 490 4150 paulo
500 4092 561 4150 post
568 4081 627 4153 lego
640 4102 648 4133 ε
694 4082 789 4134 umbra
799 4119 807 4145 ‚
818 4102 867 4135 nec
879 4088 1010 4152 lucerna,
1021 4087 1137 4145 vividam
1146 4110 1204 4147 earn

138 4178 150 4199 ι
161 4154 237 4227 quod
250 4158 327 4211 etiam
339 4158 368 4211 in
380 4158 456 4229 aquis
467 4177 517 4212 noe
527 4161 619 4229 juvat3
633 4186 645 4208 ι
694 4159 854 4215 viriditatem
870 4163 1003 4220 auferunt.
1022 4165 1111 4223 lino.
