3100 5125
505 492 666 565 LIBER
689 492 868 566 xxxvl.
1148 495 1212 586 541

161 630 239 702 ficiis
251 625 372 698 inutilia
384 639 434 696 est
452 622 663 697 mortalitate²
675 623 829 699 mollitiae.
843 625 1004 715 Quodam
1021 643 1131 702 tamen
1147 629 1220 702 loca

160 759 225 807 non
240 731 339 804 alium
358 730 500 817 habent,
522 731 610 802 aient
631 732 803 826 Carthago
825 733 859 801 in
880 731 1002 802 Africa.
1033 737 1219 810 Exercetur

159 839 259 914 halitu
270 839 385 924 utaris,
396 837 534 908 fricatur
543 851 662 922 vento,
678 852 713 907 et
724 837 919 909 verberatur
932 825 1052 910 imbri.
1064 839 1126 910 Sed
1139 867 1219 912 rura

159 958 290 1016 tuentur
302 942 445 1038 picando
456 944 606 1037 parietes,
614 944 771 1038 quoniam
786 957 819 1012 et
831 946 959 1013 tectorii
970 943 1060 1019 calce
1071 947 1217 1018 roditur:

157 1052 299 1143 sciteque
319 1049 446 1122 dictum
468 1063 533 1132 eat,
561 1048 603 1118 ad
626 1063 714 1122 rocta
733 1052 900 1185 caspios,
925 1050 967 1120 ad
992 1053 1105 1122 vinum
1127 1051 1217 1126 calce

156 1157 224 1241 uti,
247 1157 406 1249 quoniam
428 1155 476 1227 sic
499 1169 609 1227 musta
630 1153 791 1228 condiunt
816 1207 823 1224 .
853 1154 923 1224 Alin
948 1145 1105 1230 rnollitia⁵
1128 1161 1217 1231 circa

154 1263 294 1332 Romam
303 1261 451 1332 Fidenati
460 1312 472 1344 ‚
482 1276 516 1329 et
527 1259 667 1332 Albano.
682 1265 723 1332 ln
732 1263 870 1356 Liguria
884 1287 1032 1360 quoque,
1046 1251 1215 1352 Umbria⁶‚

152 1369 347 1453 etVenetia,
363 1366 457 1434 albus
471 1365 553 1460 lapis
565 1365 698 1436 dentata
706 1391 797 1436 serra
816 1381 956 1436 secatur.
975 1371 1016 1436 Hi
1028 1370 1216 1441 tractabiles

152 1470 185 1538 in
199 1496 319 1566 opere,
333 1469 499 1544 laborem⁷
511 1497 642 1567 quoque
659 1472 818 1559 tolerant,
832 1473 893 1543 sub
909 1461 1017 1544 tecto⁸
1030 1473 1212 1546 dumtaxat.

151 1580 331 1672 Aspergine
349 1593 383 1646 et
401 1576 476 1674 gelu
494 1579 686 1672 pruinisque
710 1594 911 1673 rumpuntur
938 1582 972 1649 in
996 1595 1127 1650 testas:
1152 1606 1214 1652 nec

151 1697 264 1752 contra
281 1683 440 1753 humores
461 1699 495 1753 et
510 1707 624 1752 auram
642 1686 741 1753 maris
759 1685 895 1754 robusti.
913 1686 1076 1754 Tiburtini
1095 1686 1138 1754 ad
1159 1711 1212 1756 re·

150 1785 234 1882 liqua
251 1789 372 1877 fortes,
392 1813 518 1884 vapore
536 1788 698 1859 dissiliunt
708 1788 732 1860 ⁹.

199 1898 326 1964 XLIX.
363 1896 458 1991 Nigri
482 1894 589 1966 silices
612 1896 754 1990 optimi:
778 1895 973 1990 quibusdam
1006 1897 1040 1964 in
1068 1885 1239 1972 t'ociset1

148 1999 310 2070 rubentes.
328 2001 567 2096 Nonnusquam
583 2025 662 2071 vero
676 2015 709 2073 et
726 2001 793 2069 albi
803 2001 827 2086 ¹,
840 2004 924 2071 sicut
940 2003 971 2069 in
981 2003 1209 2096 Tarquiniensi

186 2240 212 2273 a.
226 2221 388 2276 nomnen.
398 2221 442 2274 Ob
454 2220 593 2274 mollitiem
604 2221 654 2277 ani·
695 2221 826 2294 aalangine
848 2239 924 2277 aneon
949 2220 1077 2276 diffluunt
1096 2242 1103 2274 ε
1119 2241 1209 2296 neque

145 2299 216 2352 nime
232 2298 370 2356 durabilis.
386 2302 477 2355 Hann.
696 2302 834 2372 perierunt
846 2314 932 2354 natus.
949 2327 960 2348 ι
978 2303 1069 2354 ilcan.

184 2380 212 2433 3.
229 2383 265 2434 Et
278 2381 420 2434 verberatur
433 2380 512 2433 tetri.
530 2380 592 2432 Non
609 2379 653 2433 in·
740 2401 767 2450 9.
793 2379 890 2450 Vapore
902 2381 1030 2434 diuinum
1045 2379 1208 2436 Vitruvius:

143 2472 214 2513 sueta
224 2461 312 2514 Plinio
322 2461 432 2514 locutio.
440 2458 510 2512 Vide
518 2458 565 2511 tib.
572 2460 651 2524 XIV,
700 2486 713 2508 ι
728 2456 871 2514 Tiburtina
894 2479 973 2524 vero,
993 2472 1019 2512 et
1038 2478 1097 2530 quat
1112 2459 1207 2517 eodem

143 2555 199 2610 cap.
217 2559 265 2611 27,
277 2553 404 2595 anemo.
418 2541 511 2593 ilino.
695 2557 793 2611 qeneeo
815 2553 877 2593 aunt
892 2539 997 2603 omnia,
1015 2539 1164 2605 auderunt,
1181 2553 1209 2595 et

181 2626 209 2682 4.
230 2619 273 2673 Sic
293 2633 370 2673 mea
388 2620 510 2673 audiunt.
532 2618 650 2684 Plinius,
695 2621 730 2675 ab
742 2619 921 2682 oneribua‚et
933 2638 947 2671 a
959 2619 1209 2690 tempestatibuain-

141 2696 187 2750 lib.
201 2701 279 2765 XIV,
293 2718 352 2770 cap.
368 2705 423 2763 ηε
437 2725 449 2746 ι
464 2698 557 2753 Africa
567 2717 652 2769 gypao
694 2699 800 2769 jurian:
822 2698 868 2753 aed
888 2699 920 2751 ab
942 2698 999 2769 igni
1021 2717 1076 2755 non
1098 2712 1208 2769 ponunt

141 2777 240 2849 mitigat
260 2780 428 2851 asperitatem
442 2778 514 2842 vini,
532 2796 583 2832 nee
594 2795 651 2833 nun
695 2797 751 2833 ente
764 2790 822 2833 tuta
840 2797 846 2828 ι
861 2778 993 2848 simulque
1006 2790 1037 2833 ut
1050 2790 1112 2835 tunt
1126 2778 1160 2837 ab
1175 2796 1207 2833 eo

140 2854 272 2928 aliquibus
284 2858 326 2912 roi
341 2860 462 2927 partibus
476 2857 559 2913 ealce.
572 2882 584 2904 ι
600 2856 635 2911 Η.
696 2871 774 2921 tacta,
781 2857 948 2912 dissiliuntat
955 2855 1133 2927 dissipantur:
1144 2854 1205 2913 ideo

180 2939 206 2990 5.
221 2940 284 2993 Ana
298 2938 408 2991 militie.
416 2937 569 3000 Vitruvius,
583 2936 602 2990 l.
613 2937 650 2999 H.
694 2936 767 3009 quod
792 2949 969 3008 temperatura
987 2937 1100 2991 naturali
1122 2954 1206 3007 parvo

138 3032 197 3086 cap.
221 3038 251 3087 7,
275 3036 303 3088 p.
328 3022 381 3079 ab.
408 3016 443 3071 de
465 3015 648 3086 Lupieidiniar
693 3018 957 3081 auntbumcre‚ntc.
974 3040 986 3062 ι
1003 3014 1205 3087 ll.-·Vnpore.

141 3119 153 3141 ι
166 3094 339 3161 sentenia,
353 3098 455 3168 inquit,
469 3096 526 3149 alia
538 3097 647 3159 molles.
692 3097 797 3149 Calore.
811 3098 900 3149 Hann.

138 3174 176 3227 uti
191 3190 254 3231 aunt
268 3178 340 3229 cirea
353 3178 455 3229 Urbem
467 3177 573 3241 rubras,
587 3176 647 3231 Ptlv
732 3176 832 3229 XLIX.
858 3194 884 3229 1.
907 3174 1081 3245 Nonnunquam
1103 3190 1162 3225 nero
1182 3186 1206 3225 et

136 3253 248 3321 lieuaea,
258 3254 412 3321 Fidenates,
425 3256 552 3320 nunna,
567 3267 619 3309 etc.
632 3278 645 3305 ι
691 3256 751 3309 albi.
768 3256 838 3320 Qua
854 3253 1032 3307 contractiore
1049 3252 1130 3325 paulo
1145 3270 1206 3306 ora·

136 3332 227 3390 Haeo.
576 3392 580 3401 ¹
692 3334 765 3389 tione
778 3333 959 3398 Pliniun‚hrnc
970 3332 1069 3388 iuniore
1079 3344 1105 3385 et
1116 3332 1205 3402 expla-

176 3418 204 3469 6.
228 3415 344 3479 Umbria,
362 3426 415 3469 etc.
433 3412 573 3468 Vitruvius
590 3414 609 3467 l.
623 3428 647 3471 t.
691 3413 794 3469 natione
815 3413 903 3469 multo
916 3411 1072 3477 Vitruvius,
1091 3413 1139 3467 lib.
1160 3412 1204 3475 11,

138 3516 150 3537 ·
163 3494 195 3547 ln
209 3494 339 3558 Umbria,
351 3507 379 3546 at
393 3493 510 3557 Piceno,
523 3494 647 3548 etllcue·
691 3510 748 3564 cap.
766 3512 797 3562 7,
814 3511 841 3562 p.
861 3511 896 3567 ²7
919 3511 926 3545 s
944 3515 955 3543 ι
972 3492 1041 3546 Sunt
1063 3510 1143 3555 vero,
1161 3490 1203 3543 in·

134 3570 184 3636 tia,
204 3573 388 3638 rotantibus,
409 3573 457 3645 qui
474 3573 553 3625 etiam
574 3590 647 3628 nerra
691 3573 766 3643 quit.
778 3570 929 3643 lapicidina
939 3571 1091 3642 comptum
1105 3570 1133 3625 iu
1146 3566 1205 3623 lini·

132 3646 240 3707 dentata
250 3692 259 3717 ‚
269 3652 309 3707 uti
322 3653 425 3722 lignum
438 3664 549 3725 nentur.
563 3676 576 3702 ι
595 3652 632 3709 ll.
690 3652 741 3707 but
749 3650 997 3722 Tarquiniensium,
1007 3668 1066 3721 qun
1077 3647 1205 3711 ,dicuntur

174 3750 200 3801 7.
216 3732 443 3787 unumunurn
456 3732 644 3787 tectoruudi.
690 3731 943 3788 Anicianateulott
954 3728 1061 3801 quidctu
1075 3724 1205 3798 quemad·
1294 3760 1297 3769 ·

173 3811 646 3875 tutandamvtuovius.
689 3810 800 3864 modum
819 3811 1076 3881 Albtnn‚‚qnnrum
1091 3806 1205 3862 officina

132 3886 183 3943 loe.
194 3891 240 3949 oit.
256 3916 267 3941 ι
284 3891 312 3944 st
329 3903 391 3945 runt
404 3891 433 3944 io
446 3889 544 3963 opertis
556 3904 583 3945 et
592 3908 644 3960 pe·
688 3892 806 3947 maxime
833 3902 896 3945 aunt
917 3889 986 3945 circa
1009 3887 1095 3941 lacum
1113 3884 1204 3939 Volsi-

132 3970 250 4023 tentibua
263 3971 342 4034 loeis,
357 3968 487 4041 gelicidii·
500 3982 527 4023 et
538 3971 644 4042 pruinis
687 3969 806 4023 triennem
824 3990 830 4019 ι
850 3970 914 4025 item
933 3967 1091 4039 protectura
1115 3966 1205 4021 Stato-

130 4063 270 4121 congente,
282 4048 395 4103 friantur
404 4062 431 4103 et
441 4047 641 4103 diaaolvuntur:
686 4048 781 4103 nienni.
803 4049 847 4103 Ee
863 4062 952 4103 autam
968 4046 1068 4101 babent
1088 4045 1204 4117 infinitae

129 4125 195 4181 item
211 4128 357 4184 secandum
372 4148 432 4183 nraa
448 4128 593 4185 maritimas
608 4129 642 4182 ab
687 4128 815 4183 virtutae:
829 4145 916 4198 neque
929 4125 1056 4181 enitebit
1070 4124 1204 4196 gelicidiu-
