3100 5125
471 585 627 652 LIBER
652 587 827 655 XXXIV.
1102 586 1171 660 215

110 716 224 784 donec
244 714 394 808 figlinum
408 733 637 810 percoquatur.
664 719 824 789 Nonnulli
844 733 878 788 et
896 719 973 788 thus
990 720 1172 790 masculum

111 821 308 890 admiscent.
336 823 483 889 Lavatur
511 837 620 891 autem
648 849 780 917 aerugo,
805 827 891 893 sicut
917 825 1044 894 cadmia
1056 825 1090 893 ²⁰.
1114 828 1172 895 Vis
1281 865 1285 880 ·

112 927 190 1017 ejus
206 923 377 1018 collyriis²¹
401 924 572 996 oculorum
594 931 782 1024 aptissima,
809 929 1171 1024 delacrymationibus²²

113 1031 302 1100 mordendo
320 1029 505 1123 proficiens.
527 1033 592 1102 Sed
605 1035 692 1102 ablui
711 1038 927 1104 necessarium
944 1035 1102 1129 penicillis
1123 1061 1174 1105 ca·

115 1135 212 1219 lidis,
234 1136 341 1204 donec
355 1135 472 1205 rodere
487 1137 623 1207 desinat.

170 1244 316 1310 XXVll.
326 1244 513 1311 Hieracium
524 1257 663 1312 vocatur
673 1244 873 1338 collyrium,
883 1245 971 1340 qnod
981 1248 1025 1313 ita
1034 1248 1174 1314 maxime
1196 1279 1206 1308 t

117 1361 263 1415 constat:
277 1361 479 1439 temperatur
492 1363 601 1418 autern
615 1349 649 1418 id
663 1351 890 1420 Hammoniaci
906 1351 1008 1420 unciis
1022 1365 1175 1443 quatuor,

118 1453 272 1545 aeruginis
285 1453 414 1545 Cypriae
425 1452 572 1541 duabus,
585 1458 759 1524 atramenti
773 1459 903 1540 sutorii,
917 1455 1005 1549 quod
1027 1455 1176 1524 cbalcan·

120 1557 217 1624 tburn
235 1571 376 1634 vocant,
392 1558 527 1626 totidem
545 1584 551 1625 :
569 1562 689 1652 misyos
709 1585 788 1629 vero
807 1586 892 1646 una,
913 1563 1001 1630 croci
1016 1585 1081 1630 sex.
1098 1565 1175 1630 llaec

120 1665 232 1730 omnia
246 1664 323 1730 trita
336 1677 430 1731 aceto
439 1663 560 1732 Thasio
575 1663 775 1759 colliguntur
789 1669 821 1733 in
839 1665 975 1759 pilulas,
990 1664 1177 1735 excellentis

121 1767 271 1853 remedii,
284 1782 398 1836 contra
409 1769 500 1836 initia
511 1768 805 1862 glaucomatum¹et
815 1771 1049 1848 suffusionum,
1062 1785 1176 1840 contra

123 1872 293 1966 caligines,
319 1887 352 1942 et
372 1873 556 1957 scabritias,
578 1889 612 1944 et
636 1875 822 1970 albugines,
845 1901 883 1945 ac
905 1901 1062 1969 genarum
1086 1878 1176 1946 vitia.

123 1979 235 2048 Cruda
247 1994 358 2046 autem
371 2003 481 2072 oerugo
498 1979 692 2049 vulnerariis
708 1980 894 2076 emplastris
911 1983 1075 2050 miscetur.
1100 1983 1176 2049 Oris
1196 2020 1209 2052 ι

124 2086 395 2177 gingivarumque
407 2084 665 2154 hulcerationem
686 2086 824 2154 mirifice
845 2086 1013 2168 eriiendat,
1027 2099 1060 2153 ct
1079 2084 1177 2153 labio-

124 2214 194 2255 rum
211 2188 347 2257 bulcera
364 2214 438 2259 cum
456 2188 538 2258 oleo.
558 2191 658 2279 Quod
679 2192 706 2260 si
724 2207 756 2259 et
772 2217 848 2260 cera
867 2191 1018 2276 addatur,
1037 2207 1181 2284 purgat,

22 2343 27 2352 ,
124 2309 155 2361 et
164 2294 206 2362 ad
218 2295 404 2363 cicatricem
418 2294 577 2386 perducit.
593 2298 718 2386 AErngo
728 2310 761 2364 et
778 2296 896 2364 callum
909 2295 1089 2362 fistularum
1102 2319 1176 2363 ero·

124 2398 188 2483 dit,
204 2401 425 2492 vitiorumque
442 2423 515 2491 qnae
535 2401 621 2468 circa
643 2401 768 2483 sedem,
790 2403 857 2468 sive
873 2424 932 2492 per
949 2425 1000 2482 se,
1020 2402 1086 2466 sive
1102 2423 1176 2466 cum

126 2507 361 2574 Hammoniaco
380 2503 474 2587 illita,
493 2504 544 2575 vel
568 2505 694 2599 collyrii
714 2505 812 2575 modo
837 2506 869 2573 in
890 2502 1015 2575 listulas
1038 2503 1176 2575 adacta:

162 2720 204 2753 ao.
220 2700 449 2769 caenumque
464 2719 521 2771 cap.
535 2702 626 2755 sall.
668 2701 722 2761 loe,
747 2702 935 2755 obscuritatem
954 2716 1036 2771 quum
1060 2716 1177 2765 arture,

162 2778 485 2851 manducaturum
493 2780 628 2833 cicatrices
668 2779 816 2833 duonum.
832 2782 917 2850 Supra
931 2779 976 2831 lib.
993 2779 1058 2842 XX,
1075 2794 1132 2848 cap.
1150 2796 1177 2846 7.

125 2860 205 2911 exteri
221 2878 253 2911 ea
275 2877 307 2913 ac
326 2859 455 2911 attenuari
473 2871 566 2911 auctor
588 2870 627 2911 est
668 2860 769 2911 Dieuc.
786 2890 826 2901 -
843 2859 991 2910 Hier-actum.
1011 2857 1053 2909 Ab
1066 2856 1177 2909 Hieraee

126 2938 211 2991 Βίοις.
224 2937 243 2989 l.
262 2956 286 2991 c.
301 2940 324 2989 Δ
341 2937 443 2990 Galeno
461 2936 491 2989 in
509 2936 628 3006 collyriis
669 2938 821 2991 oonl'eutore
839 2956 935 2989 nomen
953 2937 1049 2989 bebere
1064 2934 1176 2988 videtur.

125 3017 259 3069 carlorum
272 3016 416 3086 sepissime
425 3014 574 3079 adhibetur,
584 3034 627 3067 aa·
669 3018 737 3069 Cels.
750 3017 833 3081 vl,6
846 3033 853 3067 τ
867 3038 878 3060 ι
889 3016 1007 3067 Hieracis
1015 3015 1154 3084 collyrium
1168 3032 1174 3064 ε

124 3094 386 3149 riain.1V.llun.
668 3094 701 3147 ld
716 3113 822 3165 quoqne
838 3093 912 3163 qaod
927 3094 1042 3145 llieracis
1057 3092 1178 3145 uomina·

163 3192 208 3227 aa.
231 3172 485 3245 Dehuymetrbnibus.
512 3171 555 3223 ste
577 3171 628 3223 Pli·
670 3173 826 3226 tur...babet
838 3172 951 3241 myrrhae
965 3173 994 3223 Ρ.
1007 3172 1040 3222 X.
1054 3172 1081 3235 13
1095 3172 1175 3221 llum-

125 3252 182 3305 ulus
196 3250 286 3305 reddit
296 3250 370 3323 quud
385 3250 472 3305 Grani
488 3246 629 3319 dandum·
670 3252 783 3304 moniaci
805 3252 835 3302 P.
853 3253 887 3302 X.
903 3252 947 3311 11;
964 3249 1096 3317 AEruginis
1113 3266 1176 3301 reste

126 3334 187 3383 πίω
201 3344 296 3385 vocant
311 3348 319 3383 ε
334 3344 373 3385 eet
386 3342 473 3383 antem
488 3324 629 3398 teotme-
670 3329 700 3381 Ρ.
711 3331 747 3382 X.
759 3330 829 3387 1111.
841 3342 890 3382 etc.
901 3355 911 3376 ι
923 3328 1039 3381 similius
1048 3340 1096 3389 eet,
1103 3323 1175 3397 quod

127 3413 202 3473 τυών,
216 3408 290 3480 quod
304 3407 630 3478 delecrymationeeeiatit,
670 3409 846 3461 Cocceianum
876 3407 976 3460 ibidem
1002 3406 1175 3477 appellatur:

126 3487 628 3557 vetationnia-Detacrymnontbus.
673 3513 685 3533 ι
700 3487 787 3539 Habet
799 3486 938 3539 atramenti
947 3484 1040 3537 sutorii
1053 3485 1083 3535 P.
1097 3486 1133 3537 X,
1149 3486 1177 3545 13

127 3566 258 3639 lacrymis
267 3565 378 3621 ciendis.
389 3565 509 3619 Dioscor.
519 3565 574 3618 loc.
584 3566 629 3618 cit.
670 3566 742 3635 Mysi
753 3566 782 3617 P.
793 3566 828 3617 X.
840 3566 868 3629 13
878 3564 979 3634 Piperis
988 3563 1041 3615 albi
1052 3564 1083 3616 P.
1093 3564 1126 3615 X.
1137 3564 1175 3622 V;

129 3640 629 3714 noaretttaeiettsetpm...tatapuo
671 3644 787 3697 Cadmin
812 3644 872 3697 lotae
895 3645 924 3695 P.
951 3644 984 3695 X.
1012 3643 1071 3706 Ill,
1094 3652 1173 3695 etta·

129 3725 208 3790 ἄγω,
219 3738 270 3777 etc.
283 3726 318 3777 Η.
329 3756 369 3767 --
380 3726 465 3776 Panic.
475 3724 570 3775 moda.
586 3721 630 3775 Sic
671 3723 750 3775 Plura
771 3740 835 3774 vero
850 3720 890 3774 his
903 3720 991 3773 affinia
1007 3720 1124 3773 Galenus
1139 3718 1178 3769 al'·

129 3803 202 3855 MSS.
215 3805 297 3873 llegg.
307 3816 334 3857 et
346 3801 428 3855 editio
441 3803 527 3873 princ.
537 3802 590 3853 Eu.
671 3802 739 3864 l'ert,
756 3801 823 3853 κατὰ
843 3802 901 3853 τόπ.
923 3798 971 3852 lib.
992 3800 1040 3861 IV,
1062 3816 1119 3866 cap.
1142 3798 1176 3857 8,

168 3882 282 3933 xxvlt
309 3900 335 3935 1.
366 3882 504 3933 Hieroclem
528 3890 632 3931 uantur
671 3900 699 3951 p.
714 3880 769 3943 434
782 3898 838 3950 sqq.
852 3880 943 3932 ilino.

129 3961 255 4030 collyriam.
281 3960 420 4013 Hiemim
448 3958 558 4031 qnidam
585 3977 631 4011 ro·
717 3980 742 4012 a.
754 3958 846 4011 Contra
856 3958 1118 4025 tetragammum,
1128 3964 1176 4005 etc.

130 4039 181 4091 cari
201 4038 376 4099 contendunt,
394 4039 469 4110 quasi
490 4034 630 4107 ὀξυδερκὲς,
675 4038 742 4101 Quae
763 4038 867 4107 reliquo
888 4035 1011 4104 deinceps
1032 4031 1116 4101 cupite
1130 4032 1181 4083 boc

132 4116 200 4183 quod
209 4118 477 4187 lipmeiaccipitree,
489 4117 633 4169 hieracium
677 4117 858 4177 continentur,
873 4112 981 4166 totidem
993 4130 1022 4164 ea
1039 4109 1124 4163 verbis
1138 4128 1182 4161 ex·

132 4194 285 4267 scalpendo,
303 4209 329 4249 et
336 4214 420 4250 succo
430 4195 556 4265 tingendo
570 4214 633 4246 ‹icn-
677 4208 745 4249 stant
755 4193 827 4265 apud
843 4190 990 4247 Dioscorid.
1007 4192 1042 4253 V,
1059 4209 1104 4257 9²·
1121 4189 1154 4241 ll.

686 4269 697 4319 l
999 4278 1055 4371 'gt
