3100 5125
395 545 398 551 '
482 542 634 610 LIBER
660 543 843 612 XXXIV.
1126 565 1194 636 227

126 675 353 769 excrescentia
362 697 576 760 consumere,
589 687 623 742 et
634 697 850 769 perpurgare.
861 671 1026 744 Probatur
1036 671 1059 698 ¹¹
1073 673 1196 770 lingua,

126 794 164 847 ut
180 805 259 850 eam
274 782 376 850 siccet
389 793 481 849 tactu
492 780 619 866 statim,
636 803 854 874 saporemque
867 781 939 848 teris
952 778 1077 850 reddat.

109 955 114 962 ,
178 889 380 957 XXXVIII.
400 889 514 955 Unum
528 885 708 954 etiamnum
722 887 795 954 aris
809 883 1004 955 miraculum
1018 909 1086 955 non
1098 889 1193 956 omit·
1214 913 1226 947 ι

124 1005 248 1062 temus.
265 991 401 1061 Servilia
414 990 538 1060 familia
553 989 704 1060 illustris¹
723 993 757 1060 in
772 991 891 1075 Fastis,
902 992 1055 1060 trientem
1072 1016 1194 1062 aereum

124 1100 236 1192 pascit
261 1122 345 1167 auro
369 1113 404 1167 et
424 1112 578 1191 argento,
600 1112 851 1166 consumentem
871 1111 1058 1191 utrumque.
1089 1100 1194 1194 Origo

124 1217 227 1298 atque
248 1219 369 1274 natura
390 1208 460 1297 ejus
474 1205 679 1298 incomperta
696 1217 746 1272 est
765 1204 856 1274 mihi.
875 1201 987 1272 Verba
1008 1205 1077 1297 ipsa
1096 1203 1137 1274 de
1156 1228 1196 1274 ea

125 1335 161 1379 re
170 1310 326 1381 Messalas
341 1312 428 1380 senis
443 1333 581 1404 ponam:
595 1338 613 1374 e
622 1309 837 1380 Serviliorum
848 1306 970 1378 familia
980 1309 1195 1380 habettrien-

125 1429 192 1495 tem
210 1441 361 1498 sacrum,
377 1420 431 1486 cui
446 1439 576 1504 summa
593 1440 669 1485 cum
686 1440 766 1484 cura
780 1413 1088 1510 magnificentiaque
1102 1433 1196 1486 saera

125 1525 305 1614 quotannis
321 1522 470 1591 faciunt:
493 1545 592 1615 quem
617 1520 730 1591 ferunt
751 1520 831 1592 alias
852 1522 1014 1606 crevisse,
1036 1519 1115 1592 alias
1135 1521 1195 1592 de·

125 1629 273 1699 crevisse
286 1627 409 1706 videri,
427 1642 462 1697 et
474 1651 515 1696 ex
532 1651 573 1696 eo
590 1641 648 1696 aut
662 1627 845 1712 honorem,
863 1637 923 1694 aut
941 1625 1194 1698 diminutionem

126 1732 261 1804 familiae
280 1733 467 1828 significari.
479 1763 497 1799 n

175 1842 346 1909 XXXIX.
362 1830 468 1930 (xiv.)
482 1840 635 1908 Proxime
650 1839 789 1908 indicari
804 1839 927 1908 debent
944 1838 1075 1909 metalla
1093 1839 1192 1928 ferri,
1213 1864 1226 1899 ι

126 1947 254 2040 optimo
267 1947 476 2041 pessimoque
490 1947 567 2014 uitae
581 1946 810 2016 instrumento.
829 1943 997 2038 Siquidem
1016 1945 1080 2016 hoe
1094 1943 1194 2015 tellu-

126 2075 194 2120 rem
208 2053 410 2136 scindimus,
428 2053 570 2120 serimus
582 2052 733 2138 arbusta,
752 2053 906 2145 ponimus
927 2053 1092 2145 pomaria,
1110 2056 1194 2123 vites

126 2158 280 2252 squalore
295 2158 406 2227 deciso
425 2159 519 2225 annis
540 2157 694 2226 omnibus
715 2159 865 2252 cogimus
878 2157 1102 2252 juvenescere.
1118 2163 1193 2231 Hoc

127 2267 326 2333 exstruimus
344 2279 448 2348 tecta,
467 2261 622 2333 credimus
638 2288 731 2347 saxa,
749 2287 930 2356 omnesque
952 2263 995 2331 ad
1015 2261 1095 2332 ulios
1114 2288 1193 2336 usus

127 2367 212 2439 ferro
230 2372 366 2438 utimur.
382 2368 447 2438 Sed
463 2369 581 2438 ¹eodem
602 2369 643 2437 ad
664 2367 765 2451 bella,
780 2367 902 2453 caedes,
916 2366 1105 2456 latrocinia,
1123 2395 1192 2440 nou

126 2478 277 2544 cominus
299 2474 424 2561 solum,
445 2474 502 2544 sed
526 2475 624 2544 etiam
642 2473 754 2544 missili
779 2471 986 2567 volucrique,
1008 2496 1097 2543 nunc
1123 2489 1192 2546 tor·

126 2584 243 2651 mentis
258 2607 417 2666 excusso,
433 2606 522 2649 nunc
541 2580 690 2667 lacertis,
706 2606 796 2649 nunc
810 2604 891 2648 vero
904 2594 1050 2674 pennato
1065 2606 1072 2648 :
1089 2606 1189 2676 quam

126 2688 405 2757 sceleratissimam
426 2687 563 2755 humani
585 2688 707 2781 ingenii
728 2685 879 2754 fraudem
904 2686 1056 2755 arbitror.
1083 2689 1221 2784 siqui-2

125 2792 218 2880 dem,
233 2809 271 2864 ut
287 2820 389 2888 ocyus
404 2817 493 2862 mors
510 2794 696 2888 perveniret
711 2792 753 2861 ad
764 2792 953 2878 hominem,
974 2790 1083 2861 alitem
1098 2793 1186 2863 illam

124 2899 277 2987 fecimus,
304 2924 494 2996 pennasque
526 2899 614 2967 ferro
641 2897 803 2968 dedimus.
829 2898 1057 2987 Quamobrem
1089 2899 1187 2996 culpa

124 3008 208 3098 ejus,
229 3032 299 3076 non
317 3022 443 3076 naturae
461 3006 521 3073 liat
534 3018 679 3100 accepta.
697 3002 831 3098 Aliquot
851 3006 1081 3098 experimentis
1104 3032 1184 3100 pro·

122 3111 236 3181 hatum
255 3128 304 3181 est
326 3138 424 3207 posse
442 3114 601 3179 innocens
622 3136 692 3179 esse
713 3108 849 3179 ferrum
873 3112 915 3177 In
934 3109 1073 3188 loedere,
1095 3112 1184 3205 quod

70 3266 73 3269 -
122 3217 264 3312 expulsis
277 3218 410 3312 regibus
426 3216 551 3312 populo
574 3241 712 3286 romano
731 3214 823 3285 dedit
840 3218 1018 3301 Porsenna,
1035 3220 1183 3287 nomina-

121 3326 177 3393 tim
198 3324 502 3418 comprehensum
493 3322 696 3404 invenimus,
722 3346 764 3389 ne
791 3321 879 3389 ferro
902 3323 964 3391 nisi
985 3324 1019 3391 in
1041 3326 1183 3419 agricul-

121 3430 214 3499 tura¹
226 3444 409 3499 uterentur.
425 3432 470 3497 Et
483 3427 567 3522 stylo
580 3428 747 3497 scribere
738 3424 902 3495 intutum²
905 3432 1183 3511 ,utvetustissimi

159 3608 205 3642 aa.
227 3588 351 3639 Probatur
362 3587 455 3657 lingua.
473 3586 564 3639 Dione.
575 3584 626 3637 loc.
673 3529 764 3636 Plinii.
776 3581 855 3634 Libet
866 3582 937 3635 enim
949 3582 1054 3641 disertis
1067 3588 1113 3644 illa
1130 3602 1184 3648 tm.

119 3669 162 3721 cit.
172 3668 207 3720 ad
221 3668 345 3725 verbum,
356 3666 447 3717 Iliun.
671 3663 755 3716 latitia
770 3662 883 3715 variare
898 3662 995 3717 Cicero
1012 3666 1039 3719 in
1055 3668 1183 3739 Verrem,

156 3746 315 3800 XXXVIII.
330 3764 355 3799 1.
369 3744 485 3798 Illustris.
502 3744 547 3796 ot>
557 3741 627 3795 mul·
670 3742 718 3795 lib
729 3742 792 3795 ΙΙΙ·
805 3740 901 3806 «Quid
911 3754 950 3795 est
965 3762 1036 3797 enim
1047 3746 1147 3808 Sicilia
1160 3753 1181 3803 ri

119 3841 160 3879 tes
168 3826 343 3908 consulatus,
357 3824 567 3895 actriumphos,
579 3824 626 3893 qni
670 3822 695 3875 ei
710 3841 764 3893 agri
757 3821 919 3873 cultionem
935 3824 1112 3878 sustulerisi‘·
1127 3828 1180 3884 Gn.

118 3886 287 3960 notanturiu
300 3906 392 3958 Fastis
405 3904 628 3956 Il.-Dimr'metto-
712 3921 738 3953 a.
755 3902 866 3974 Etstylo
881 3902 982 3953 sertbm
1001 3906 1118 3973 ι’,ιιιιιιιιιι
1132 3922 1181 3964 etc.

120 4004 181 4038 m.
193 3988 267 4039 Brot.
276 4002 309 4038 ex
319 3986 427 4069 lieg.
400 4004 414 4038 a
436 3982 626 4035 deminutionem.
671 3981 793 4051 Lege:-
782 3981 895 4033 tEtInm
910 3981 1184 4051 styloscribereveti·

158 4064 286 4118 mlx.
303 4082 327 4117 ι
343 4066 384 4118 Ne
387 4024 531 4131 sormam
522 4081 548 4114 ιιι
558 4078 626 4131 agn
671 4072 731 4114 tum
739 4059 908 4113 vetustissimi
920 4073 1040 4114 auctores
1054 4065 1184 4135 prodide.

115 4145 334 4200 altmvoss.
324 4163 350 4195 ιιι
363 4143 515 4214 agricultu,
527 4154 555 4196 et
573 4141 627 4195 hoc
671 4151 768 4193 suut·
782 4138 880 4209 Tangit
894 4150 921 4193 et
936 4139 1044 4195 Iunctus
1058 4142 1092 4201 ad
1104 4147 1181 4220 Sym.

1000 4236 1061 4308 15²
