3100 5125
509 546 663 614 LIBER
690 546 897 615 XXXVII.
1164 546 1232 618 Ger
1317 603 1318 608 η

168 701 326 773 purpurae
350 677 495 746 candore
518 678 551 744 in
574 679 711 746 minium
732 692 934 770 tmnseunte.
966 681 1033 748 Has
1054 679 1144 750 Indis
1165 707 1234 750 non

169 783 298 853 habitas
315 784 349 850 in
368 783 495 852 bonore
511 783 723 852 Zenothemis
741 785 877 854 scribit:
897 798 996 854 tantae
1013 784 1091 856 alias
1108 790 1233 884 magni·

169 890 313 969 tudinis,
332 902 370 957 ut
389 889 465 957 inde
486 889 622 984 capulos
639 877 854 959 factitarent⁸.
874 891 1003 960 Etenim
1024 893 1171 962 constat⁹
1185 893 1231 962 ibi

170 995 372 1064 torrentibus
399 994 516 1091 detegi.
550 998 595 1064 Et
622 993 784 1089 placuisse
809 997 842 1064 in
872 1011 985 1066 nostro
1009 998 1090 1067 orbe
1119 999 1230 1084 initio,

169 1102 324 1195 quoniam
347 1098 425 1169 solae
444 1127 549 1196 prope
574 1125 779 1195 gemmarum
801 1100 933 1196 scalptae
954 1127 1064 1171 ceram
1082 1129 1150 1172 non
1173 1129 1232 1172 au·

169 1207 295 1276 ferrent
305 1205 337 1274 ¹⁰.
357 1207 581 1276 Persuasimus
598 1207 715 1276 deinde
730 1222 765 1275 et
783 1208 891 1288 Indis,
905 1222 943 1276 ut
960 1209 1021 1302 ipsi
1042 1235 1174 1304 quoque
1194 1213 1231 1280 iis
1250 1207 1266 1261 3

172 1312 374 1408 gauderent:
391 1314 560 1407 utiturque
573 1313 749 1407 perforatis
763 1315 878 1408 utique
896 1313 1030 1407 vulgus,
1049 1329 1177 1384 tanturn
1197 1318 1232 1384 in

170 1417 280 1516 collo:
299 1432 333 1484 et
351 1417 417 1487 hoc
441 1433 492 1488 est
507 1443 598 1488 nunc
618 1419 809 1488 Indicarum
828 1434 1069 1514 argumentum.
1085 1422 1232 1492 Arabico

167 1523 334 1593 excellunt
354 1523 498 1594 candore
527 1522 640 1594 circuli
665 1523 844 1619 praelucido
872 1540 970 1618 atque
1003 1549 1072 1593 non
1099 1527 1231 1621 gracili,

166 1653 275 1724 neque
290 1631 323 1697 in
341 1654 471 1700 recessu
492 1628 678 1726 gemmae¹¹,
698 1645 756 1700 aut
774 1632 809 1698 in
831 1629 961 1723 dejectu
982 1630 1151 1718 ridente'²,
1172 1633 1232 1727 ¹sed

164 1895 241 1942 mus,
258 1877 309 1929 nisi
326 1895 378 1949 qne
400 1875 484 1930 vitiati
507 1877 558 1949 ipsi
579 1877 675 1931 merito
720 1889 819 1948 segetes
832 1895 847 1929 e
861 1889 940 1930 terra.
954 1877 994 1929 Ex
1009 1879 1111 1932 Broter.
1122 1892 1190 1934 nott.
1198 1879 1233 1934 ad

165 1956 238 2010 credi
250 1968 374 2028 pomum,
392 1959 550 2027 incretumqne
561 1975 612 2028 pro
623 1976 675 2008 cre·
718 1957 918 2009 bnncloc.En.
1286 1947 1289 1962 ¹

165 2036 217 2088 dito
242 2036 399 2102 scribimus,
424 2048 533 2088 auctore
555 2034 672 2099 Isidoro,
760 2035 1060 2105 8.Capulossnctitnrent.
1074 2035 1231 2092 Gladiornm

165 2115 314 2187 qniOrigg.
328 2115 374 2168 lib.
390 2116 473 2179 XVI,
496 2133 521 2167 c.
532 2118 566 2180 8,
578 2113 613 2167 de
623 2134 675 2167 sar·
719 2115 867 2166 mennbria.
886 2116 977 2168 Henn.

57 2243 61 2251 .
165 2195 306 2265 donycbe‚
326 2212 358 2248 ex
371 2195 423 2246 hoc
436 2194 517 2246 Plinii
533 2193 675 2247 looobaud
760 2195 892 2262 9.Etenim
912 2206 1013 2246 constat.
1034 2192 1165 2263 Isidorus,
1180 2197 1231 2250 loc.

164 2272 248 2328 dubie
260 2274 395 2346 epitomen
408 2273 521 2336 faciens,
539 2291 574 2326 ex
590 2274 675 2326 since-
718 2272 764 2327 cit.
784 2271 821 2326 de
842 2271 1029 2342 sardonyche:
1061 2298 1072 2320 ι
1090 2274 1232 2345 Reperitur

163 2354 239 2407 riore
251 2353 413 2424 exemplari:
429 2377 440 2400 ι
454 2353 563 2406 Constat
576 2365 675 2419 entem,
718 2365 805 2405 eutem
820 2349 892 2422 apud
906 2350 986 2404 Indos
1002 2365 1028 2404 et
1046 2353 1146 2406 Arabes
1157 2353 1229 2407 dete-

164 2433 268 2504 inquit,
277 2432 362 2486 tribus
374 2432 508 2484 coloribus
523 2433 675 2486 :subterius
718 2444 759 2486 cte
774 2432 948 2484 torrentibus.
962 2457 974 2478 ι
989 2431 1079 2484 blano.

163 2515 259 2585 nigro,
283 2510 372 2575 medio
401 2509 532 2577 candido,
554 2512 675 2583 superius
761 2529 803 2565 ro.
827 2510 911 2564 Crmrn
938 2529 985 2562 reon
1005 2511 1136 2579 auferrent.
1149 2510 1230 2565 Insi-

162 2595 264 2647 mineo.
279 2618 291 2640 ι
310 2591 674 2656 Marbodeussimiliter,lib.
718 2589 825 2663 gnando
842 2603 944 2662 partem
966 2608 1032 2644 cern
1053 2609 1108 2642 non
1132 2602 1227 2645 teneat.

162 2672 198 2727 de
212 2670 308 2744 Lepid.
322 2684 389 2743 pret.
403 2690 461 2741 rap.
480 2672 527 2735 56,
536 2670 571 2723 de
583 2670 675 2724 sardo·
717 2668 851 2733 Isidorus,
866 2669 1004 2742 origjib.
1022 2670 1178 2741 xv1,cap.
1194 2673 1229 2736 8,

162 2754 273 2824 uycbe:
290 2774 302 2795 ι
311 2752 378 2803 Tres
391 2751 462 2821 cepit
478 2768 511 2801 ex
525 2750 674 2803 binisunus
717 2748 752 2803 de
763 2748 947 2820 sardonycbet
963 2773 974 2795 ι
986 2748 1049 2803 Haec
1057 2751 1122 2811 sola,
1132 2749 1230 2821 inquit,

162 2832 230 2903 lapis
243 2832 292 2885 iste
312 2830 429 2883 colores:
448 2829 547 2893 Albus,
564 2842 590 2882 et
609 2829 673 2883 binc
718 2830 746 2881 in
771 2828 901 2897 signando
924 2828 993 2881 nihil
1016 2847 1083 2882 ceree
1101 2830 1199 2883 evellit.
1214 2854 1226 2877 .

162 2912 239 2981 niger
257 2923 311 2973 est,
330 2911 430 2962 rubeus
448 2909 626 2979 supereminet
636 2910 675 2962 nl·
718 2906 893 2971 Marbodeus,
919 2908 966 2960 lib.
986 2905 1020 2959 de
1038 2908 1132 2979 Lepid.
1159 2921 1228 2979 pret.

162 2992 210 3045 bo.
222 3016 234 3036 ·
248 2990 382 3059 Uterque,
394 3001 423 3041 ut
435 3001 560 3060 apparet,
573 2989 673 3058 ungui,
717 3006 776 3058 esp.
791 2987 841 3040 ⁵6:
855 2987 1003 3041 «Hicsolus
1012 2986 1132 3057 lapidum
1142 3006 1229 3041 ceram

162 3089 209 3124 seu
219 3068 348 3139 superiori
357 3079 383 3119 et
391 3066 494 3121 extimae
503 3066 674 3138 lepidisparti
717 3066 867 3121 convellere
881 3068 973 3120 nescit.
995 3092 1005 3113 ι
1025 3065 1113 3119 Hann.

162 3150 259 3210 minii,
282 3148 400 3200 colorem
429 3148 556 3218 assignat,
579 3148 673 3201 medin
760 3164 805 3198 11.
819 3147 903 3218 Neque
915 3151 941 3199 in
954 3164 1045 3197 recessu
1053 3165 1162 3215 gemma.
1176 3145 1226 3201 Ne·

162 3230 220 3283 sive
228 3227 328 3281 intinere
337 3224 494 3291 candidum,
507 3226 581 3296 quod
590 3227 674 3279 minio
717 3246 769 3297 que
782 3244 865 3295 qunm
876 3225 981 3296 longius
992 3244 1095 3295 gemma
1108 3243 1227 3279 summo-

162 3309 256 3362 subsit.
266 3306 439 3376 Pliniusipse,
449 3324 507 3377 cap.
521 3307 570 3375 75,
582 3305 673 3358 sardo·
707 3318 804 3378 setim,
813 3318 863 3373 ¹aru
871 3321 953 3374 quum
967 3304 1098 3375 dejicitur,
1111 3304 1227 3358 arridet:

161 3388 244 3458 nychi
258 3385 433 3455 tergeminum
441 3386 556 3438 colorem
572 3382 675 3455 adjudi-
717 3384 762 3437 sed
775 3385 803 3435 in
815 3384 874 3455 ipso
881 3385 1019 3447 umbilico,
1029 3386 1073 3437 cui
1086 3386 1230 3437 substerni-

163 3480 223 3531 cat,
236 3467 356 3536 nigrum,
374 3461 534 3522 candidum,
550 3464 672 3517 minium.
717 3477 761 3517 tur
780 3462 856 3533 niger
871 3464 946 3517 color
963 3483 970 3515 s
984 3464 1011 3516 in
1025 3462 1126 3517 Indicis
1139 3462 1229 3516 sardo·

162 3546 252 3599 Hsnn.
267 3576 308 3587 -
325 3547 444 3597 incretum
459 3543 564 3595 candido
575 3547 672 3613 pingui.
717 3542 867 3613 nychibus,
880 3560 970 3595 cerens
988 3544 1085 3605 etiam,
1101 3540 1229 3597 corneus-

162 3626 208 3679 Sic
237 3636 298 3697 post
325 3623 481 3678 salmasium
505 3621 671 3689 llarduinus3
717 3641 768 3675 re:
789 3622 837 3693 qui
849 3622 964 3675 coloret
983 3622 1034 3675 albi
1049 3640 1156 3692 qnoque
1174 3623 1228 3675 cir·

161 3704 265 3775 optimo
280 3702 389 3775 quidem
402 3715 430 3755 et
443 3720 506 3755 reru
516 3720 593 3755 sensu
607 3723 613 3754 ε
628 3722 673 3757 au·
717 3702 772 3755 culi
789 3696 932 3771 aliquando
946 3716 984 3755 est
1001 3722 1008 3753 s
1022 3700 1141 3773 quedem
1161 3714 1187 3763 et
1201 3702 1231 3753 in

161 3782 253 3836 dacter
267 3796 370 3846 tentem
383 3782 674 3854 nemeenimantiquo-
717 3782 781 3853 ipsis
797 3799 875 3835 arcus
896 3781 1003 3834 celestis
1022 3780 1156 3851 expressio
1178 3792 1227 3833 est,

161 3882 222 3916 rum
234 3860 303 3915 dixit
319 3866 432 3915 incretum
451 3861 503 3913 hoc
516 3880 602 3915 sensu.
622 3864 674 3914 Re·
718 3862 809 3915 Henn.

163 3940 303 3996 tinendum
320 3960 382 4013 ergo
398 3940 529 4006 creditum,
549 3960 581 3994 ex
596 3940 674 3995 MSS.
761 3940 924 3992 reddideras.
934 3940 965 3991 In
976 3938 1052 3991 MSS.
1064 3940 1122 3989 rime
1129 3938 1227 3991 ridente.

162 4022 245 4091 Regg.
264 4033 291 4075 et
317 4020 380 4075 edit.
399 4020 537 4092 principe:
562 4034 592 4073 nt
609 4021 676 4074 dici·
720 4019 795 4071 Libri
810 4019 926 4088 vulgati,
943 4018 1070 4070 nnrhnte.
1085 4016 1175 4071 Hero.
1190 4042 1228 4053 -

161 4101 339 4163 mns,eredere
351 4102 575 4160 terrissemina,et
587 4117 602 4152 e
616 4118 677 4153 can-
720 4097 794 4150 Brot.
815 4098 952 4161 renidente,
972 4095 1035 4151 edit.
1056 4096 1143 4168 princ.
1169 4100 1230 4149 reni·

161 4176 228 4232 dido
249 4180 342 4251 pingui
361 4180 480 4235 exoritur
500 4178 630 4245 minium,
645 4191 676 4232 ut
721 4188 790 4230 unte.
807 4178 858 4229 En.
