3100 5125
465 555 621 627 LIBER
651 555 852 624 xxxvll.
1122 557 1188 628 611
1220 581 1223 590 “

121 687 171 758 ad
185 685 430 757 inclinationem
440 683 464 725 ¹⁹
476 687 581 783 magis
595 701 654 756 aut
671 689 781 758 minus
799 686 915 772 lucidi,
933 689 1047 758 venosi
1060 689 1194 784 quidem

123 796 369 890 squamosique.
392 791 561 862 Peculiare
579 808 650 862 erat
668 794 702 861 in
724 794 776 862 his
797 795 912 862 vitium
935 795 1064 864 sarcion
1082 796 1193 891 appel·
1227 838 1231 848 ι

128 900 230 968 latum
240 901 264 928 ²⁰
278 927 287 968 ι
299 899 365 968 hoc
382 898 600 994 est'‚quaedam
614 923 752 993 gemmae
766 923 855 968 caro.
873 901 997 969 Mons²¹
1014 901 1107 994 juxta
1118 901 1195 972 Cal·

122 1005 331 1092 chedonem,
356 1006 476 1100 inquo
498 1003 703 1100 legebantur,
724 1005 948 1100 smaragdites
970 1021 1107 1077 vocatus
1134 1023 1193 1080 est.

122 1112 214 1181 Juba
233 1125 283 1181 est
304 1124 434 1196 auctor,
452 1110 687 1206 smaragdum,
705 1135 802 1205 quem
826 1109 981 1180 cholan¹²
1000 1134 1144 1201 vocant,
1161 1115 1195 1183 in

129 1218 251 1287 Arabia
267 1216 481 1286 aedificiorum
501 1219 703 1287 ornamentis
725 1214 868 1304 includi,
888 1231 922 1286 et
940 1217 1080 1313 lapidem
1096 1245 1196 1314 quem

125 1321 341 1393 alabastriten
357 1325 504 1418 AEgyptii
523 1337 657 1391 vocant.
681 1320 879 1418 Complures
895 1347 976 1393 vero
993 1349 1012 1393 e
1029 1328 1197 1420 proximo,

127 1431 315 1500 laconicos
339 1431 374 1498 in
398 1433 546 1528 Taygeto
556 1417 580 1456 ²³
601 1443 716 1498 monte
738 1429 827 1516 erui,
852 1429 987 1500 medicis
1005 1430 1144 1520 similes,
1164 1448 1199 1503 et
1265 1505 1268 1516 .

112 1533 211 1604 -alios
231 1537 264 1604 in
284 1534 402 1605 Sicilia.

183 1643 278 1710 xlx.
290 1644 451 1711 Inseritur
460 1640 641 1735 smaragdis
651 1654 768 1735 etquae
780 1655 920 1710 vocatur
933 1641 1078 1729 tanos¹‚e
1091 1645 1199 1716 Persis
1218 1673 1230 1710 ι

126 1751 265 1817 veniens
277 1771 426 1842 gemma,
438 1749 567 1840 ingrate
586 1745 721 1831 viridis,
736 1762 835 1840 atque
849 1750 937 1816 intus
954 1748 1096 1818 sordida.
1112 1753 1197 1820 Item

127 1851 462 1947 chalcosmaragdos²
491 1855 658 1946 eCypro,
678 1853 812 1922 turbida
835 1853 925 1922 aereis
953 1856 1059 1924 venis.
1083 1855 1198 1925 Theo·

127 1959 286 2054 phrastus
315 1944 433 2029 tradit³
456 1960 490 2027 in
511 1960 743 2053 AEgyptiorum
770 1961 1018 2028 commentariis
1042 1963 1197 2056 reperiri,

174 2164 219 2214 19·
233 2145 280 2198 As
291 2146 476 2198 inclraats‘oaem.
495 2144 534 2196 Ut
549 2144 642 2216 supini
686 2162 732 2195 mo
744 2145 771 2195 la
782 2150 830 2195 τῶν
839 2143 1041 2214 γειτόνωνςηυΙΙί
1050 2144 1121 2198 enim
1131 2165 1199 2200 sma-

128 2225 174 2278 vel
183 2226 262 2296 proni
273 2225 444 2277 inclinantur.
455 2223 545 2277 Hero.
683 2221 759 2292 ragdi
770 2222 852 2294 magis
863 2241 878 2275 e
890 2223 1011 2295 proximo
1025 2225 1197 2282 eruebantur.

174 2323 219 2357 ao.
233 2302 335 2356 Sar-elon
353 2304 509 2376 appellatam.
524 2303 641 2373 Σαρκὶον,
685 2301 802 2355 Simas.

124 2379 268 2436 emmach.
283 2385 376 2437 Earn.
725 2382 751 2434 X
755 2382 803 2433 [X.
824 2400 848 2434 r.
865 2382 928 2450 Qua
939 2394 1042 2435 vocatur
1056 2395 1133 2436 tanos.
1144 2384 1198 2439 Ta.

173 2479 221 2517 ss.
233 2463 313 2516 Mam.-
330 2463 447 2515 Insulam
462 2460 541 2515 fuisse
552 2460 643 2513 Theo·
686 2480 736 2514 nos
752 2461 850 2532 aliique
867 2458 984 2532 lapides,
997 2461 1139 2533 dequibus
1151 2461 1196 2518 hie

130 2543 256 2609 plrrastus
280 2557 375 2597 auctor
398 2555 453 2607 esta
477 2555 504 2595 et
527 2540 643 2595 fortassis
685 2538 826 2608 sermo‚ad
835 2539 1198 2615 pseudo-smaragdosanou-

129 2624 216 2676 insula
228 2625 304 2676 moirs
317 2622 508 2677 illefuit.Ds1.
520 2652 560 2663 -
570 2621 643 2674 Mons
685 2621 767 2674 nullis
780 2621 940 2685 referuntur,
955 2623 1050 2693 vulgo,
1062 2622 1197 2677 emeraudss

122 2706 202 2773 jueta
226 2702 410 2755 Calchedonem.
426 2702 642 2773 Theophrastus,
686 2701 815 2765 Mtardes,
834 2704 923 2771 primes
935 2700 1108 2756 d's'meraades.
1122 2702 1177 2757 Eu.

129 2782 178 2835 lib.
191 2784 338 2853 nrpilltos·
354 2784 496 2853 ἕντῇνήσῳ
509 2788 541 2850 τῇ
554 2783 644 2833 lassu-
727 2800 751 2834 a.
779 2781 840 2833 Item
869 2780 1110 2853 chalcosmaragdos,
1144 2794 1198 2837 etc.

129 2864 192 2933 ps‘sp
203 2856 593 2933 Kapznddsmlegellaagnddm.
607 2860 641 2913 H.
686 2858 883 2914 Iisdemrerhis
898 2858 1035 2927 Isidorus,
1059 2861 1134 2932 Orig.
1148 2862 1196 2916 lib.

175 2960 221 2994 aa.
248 2942 341 2995 Clroloa
361 2938 423 3003 (sic
438 2930 540 3013 prius).
555 2940 641 2993 Xotls
677 2939 768 3003 χΧῪΙ,
784 2958 841 3010 cap.
856 2958 881 3009 7.
894 2938 984 2991 lisso.

128 3034 240 3085 vocant,
249 3020 328 3092 qussi
338 3020 476 3087 claudum,
485 3032 511 3073 et
521 3019 643 3091 aliisgrs·
728 3021 754 3074 3.
770 3020 947 3089 Theophrastus
961 3021 1105 3085 enatasse.
1114 3020 1196 3075 Libro

128 3101 182 3166 tis,
197 3101 348 3165 nobilitate,
367 3100 523 3154 auctoritate
532 3099 642 3153 inferio·
685 3100 741 3169 aspi
748 3102 836 3164 λίθων,
849 3098 921 3151 unde
929 3099 1031 3154 Plinius
1041 3100 1098 3159 haec
1106 3100 1197 3155 omnia

130 3198 199 3233 rem.
210 3181 284 3251 Lego
295 3182 417 3244 astaron,
434 3180 477 3232 vel
492 3180 602 3243 atoma,
613 3177 641 3231 id
685 3190 822 3232 mutuatus
844 3191 891 3231 est.
915 3178 1011 3232 Garris
1031 3191 1122 3232 auctor
1142 3192 1198 3247 est,

130 3272 183 3323 est,
197 3258 323 3331 spallido
338 3260 519 3313 virescentem.
530 3256 643 3328 Iaspidis
686 3256 758 3329 spud
785 3254 868 3309 Indos
890 3276 905 3309 e
929 3258 1019 3311 frustis
1040 3260 1197 3330 lagenarum

128 3338 225 3392 viridis
237 3358 320 3411 genus
337 3358 393 3392 esse
404 3351 508 3411 putant.
522 3340 590 3391 nm.
602 3370 643 3380 -
685 3337 847 3401 vitrearum,
858 3354 889 3389 sc
897 3336 997 3409 iaspide
1003 3336 1092 3405 viridi,
1101 3339 1199 3393 confici

133 3418 231 3472 Chalos
245 3431 343 3472 amant.
363 3420 404 3471 Ita
426 3418 502 3471 MSS.
523 3435 640 3471 omnes:
686 3414 838 3487 smaragdos
852 3416 942 3467 eximii
961 3418 1070 3483 coloris,
1089 3430 1116 3472 et
1135 3419 1199 3475 insi·

131 3517 182 3550 nec
194 3510 281 3550 tamen
293 3498 409 3551 Arabica
421 3516 474 3550 vox
485 3515 516 3550 ea
527 3510 581 3562 est,
596 3514 644 3549 ne·
686 3496 744 3567 gnis
761 3493 961 3566 magnitudinis.
980 3500 1048 3550 Dar..
1063 3528 1105 3541 -
1122 3498 1199 3550 Theo·

131 3595 188 3649 qne
201 3577 301 3631 Grsca.
316 3578 351 3630 H.
362 3609 401 3621 --
416 3576 519 3631 Cholan.
532 3578 558 3629 Is
571 3574 645 3627 ¹vido·
684 3577 806 3646 plaustra.
817 3575 900 3627 Libro
909 3577 965 3647 ampl
975 3578 1061 3642 titas,
1077 3595 1138 3647 pag.
1150 3576 1200 3630 5et

132 3668 178 3709 tur
190 3676 246 3711 esse
256 3676 336 3728 quern
343 3654 466 3722 dicimus,
474 3656 499 3707 la
509 3655 644 3708 eaksdoiae
689 3658 723 3719 6,
737 3655 835 3727 quihus
847 3654 980 3709 simillima
993 3668 1054 3710 sunt
1066 3656 1198 3715 Pliniana,

131 3737 241 3789 laisease.
252 3738 336 3789 Bsor.
686 3732 814 3806 usquead
825 3752 888 3787 eum
909 3736 1013 3789 locum:
1030 3760 1042 3783 ι
1056 3735 1144 3805 Apion
1155 3752 1200 3787 oo·

176 3818 261 3870 23AE
268 3818 385 3887 proximis
396 3816 644 3886 LaconicosiaTay·
688 3815 870 3885 gnominatus,
894 3825 968 3868 etc·
988 3815 1022 3867 H.
1036 3845 1076 3856 —
1097 3814 1200 3867 Missum

128 3908 189 3964 geta
203 3886 257 3963 (sic
270 3896 344 3967 prius
352 3892 372 3959 ).
385 3896 457 3966 Lege
468 3914 476 3948 τ
493 3921 505 3943 ι
519 3896 542 3947 E
552 3894 644 3965 proxi·
687 3894 841 3963 smaragdum
852 3912 957 3960 manere,
973 3906 1025 3947 etc.
1034 3893 1126 3958 Quum
1136 3912 1202 3948 rma

133 3994 179 4029 uro
192 3975 337 4028 Laconicos
353 3975 380 4027 in
398 3975 518 4047 Taygeto
536 3987 643 4039 monte,
687 3972 783 4044 ragdos
793 3984 871 4026 tanta
889 3972 1081 4044 magnitudinis
1091 3992 1147 4026 non
1158 3992 1203 4029 ex·

131 4067 184 4107 etc.
201 4080 213 4101 ι
239 4054 398 4125 Complures
412 4072 477 4107 vero
492 4054 644 4125 eproximo
688 4052 784 4105 stitisse
794 4054 855 4123 plus
869 4070 947 4129 quam
959 4052 1099 4124 probabile
1111 4053 1203 4107 verisi-

128 4133 206 4197 erui,
233 4146 266 4186 ut
293 4134 438 4187 Laconicos
471 4134 498 4186 in
526 4134 644 4204 Taygeto
688 4132 753 4185 anile
768 4131 815 4197 sit,
840 4130 992 4203 smaragdos
1010 4130 1133 4203 plerique
1146 4151 1204 4185 cre·

128 4226 242 4277 moute,
256 4226 283 4266 et
293 4214 358 4267 alios
368 4214 397 4266 iu
410 4210 514 4274 Sicilia,
528 4212 644 4283 eproxi·
689 4210 758 4264 dunt
781 4211 877 4276 fuisse,
900 4230 959 4282 qua
985 4230 1056 4267 nuno
1076 4210 1204 4278 dicimus,

1021 4307 1083 4402 39²
