3100 5125
471 548 626 614 LIBER
651 548 809 614 XXXV.
1106 545 1174 619 353

107 678 373 768 Hammoniada,
388 701 487 772 quam
502 677 635 772 quidam
650 677 847 748 Nausicaam
864 693 1003 765 vocant,
1018 679 1175 771 adjecerit

110 784 269 880 parvulas
282 809 385 854 naves
399 783 513 878 longas
525 786 559 852 in
574 786 629 868 iis,
642 807 716 877 quae
730 785 872 878 pictores
881 805 1020 877 paterga
1027 784 1052 822 ⁷⁹
1067 787 1177 880 appel·

111 889 182 959 lant
196 916 204 957 ε
220 906 258 960 ut
277 905 452 988 appareret
470 914 489 957 a
507 889 626 983 quibus
644 889 743 959 initiis
763 889 806 957 ad
824 913 932 958 arcem
950 892 1175 962 ostentationis

113 1021 213 1090 opera
235 1020 294 1064 sua
318 996 552 1090 pervenissent.
588 992 732 1062 Palmam
762 994 864 1062 habet
891 993 1077 1063 tabularum
1105 999 1175 1090 ejus
1194 999 1227 1063 38

112 1088 352 1194 Ialysus⁸‘‚.qui
365 1116 415 1171 est
432 1103 567 1184 Romae,
581 1099 708 1168 dicatus
721 1101 757 1166 in
771 1097 896 1193 templo
913 1101 1006 1168 Pacis
1014 1085 1037 1124 ⁸¹
1051 1126 1059 1167 :
1076 1125 1174 1194 quem

114 1231 216 1300 quum
231 1209 403 1302 pingeret,
414 1205 554 1274 traditur
571 1204 712 1274 madidis
728 1203 849 1298 lupinis
866 1207 1002 1294 vixisse,
1019 1209 1176 1299 quoniam

116 1308 210 1380 simul
230 1312 352 1381 famem
369 1311 567 1380 sustinerent
584 1323 618 1378 et
632 1310 738 1394 sitim,
757 1334 800 1378 ne
816 1335 928 1378 sensus
946 1312 1045 1378 nimia
1065 1311 1176 1381 dulce-

116 1417 192 1486 dine
209 1417 405 1486 obstrueret.
427 1417 514 1485 Huic
535 1417 671 1510 picturae
694 1428 811 1508 quater
832 1414 975 1484 colorem
984 1401 1008 1440 ⁸²
1030 1415 1176 1503 induxit,

116 1575 175 1627 Josi
187 1573 332 1628 Hammoni
341 1574 482 1626 mitterent.
494 1572 626 1642 Ulpianus
669 1583 776 1634 terunt,
797 1569 843 1623 sed
859 1571 926 1635 viri,
947 1571 1062 1643 Ialysum
1081 1571 1179 1628 indicat

118 1654 145 1704 in
153 1651 300 1706 Commod
311 1651 463 1705 Medianum
473 1651 627 1704 Demosthe-
669 1649 743 1703 haud
755 1652 866 1703 obscure
877 1667 884 1701 :
894 1668 973 1721 quern
981 1651 1049 1703 Solis
1055 1665 1178 1723 nepotem

118 1731 178 1785 nis:
198 1720 290 1802 Ῠςιρον
307 1728 337 1785 dl
350 1731 392 1785 ael
410 1732 482 1784 mar
496 1733 560 1800 speie
574 1731 627 1800 tet·
670 1729 765 1782 Cicero
775 1741 851 1782 vocat
865 1727 898 1782 de
914 1730 1014 1781 Natura
1028 1730 1109 1783 Deor.
1124 1733 1180 1796 111,

119 1829 200 1876 sem,
214 1804 357 1880 Ᾰντίγονις,
370 1809 523 1882 Πταλιμαΐς,
540 1802 627 1880 iprae·
669 1827 697 1860 n.
710 1807 784 1872 54η
796 1827 850 1878 quo
861 1827 958 1862 nomon
967 1809 1041 1861 urbia
1055 1807 1083 1861 in
1096 1810 1181 1866 insula

119 1891 178 1951 νιὰς,
190 1887 279 1948 treats
289 1895 324 1960 τῷ
333 1880 438 1960 Ᾰμμωνι
448 1883 484 1942 ds'
494 1891 569 1948 αὐτῆς
582 1887 626 1949 τὰς
670 1883 767 1940 Rhodo
784 1887 927 1940 datum.1n
943 1906 974 1940 ea
991 1888 1097 1958 pictura
1116 1907 1179 1942 uon·

120 1971 199 2031 wele:
210 1973 335 2042 ἔπεμπον.
346 1972 444 2022 Totiens
458 1965 487 2020 dl
499 1975 546 2020 τῶν
558 1969 626 2038 ἱερῶν
670 1965 783 2019 ficienda
801 1985 883 2019 anuos
896 1979 995 2036 septem
1013 1966 1182 2038 insumpsisse

120 2049 216 2119 φέρων
229 2051 318 2106 adrisi
331 2050 398 2110 πόλις
411 2050 626 2113 tmprutmerc.
671 2046 864 2116 Protogenem,
883 2057 974 2097 auctor
994 2057 1032 2097 est
1048 2046 1181 2112 AElianm,

119 2127 295 2199 Etymologiei
308 2141 403 2181 auctor
414 2147 420 2177 :
431 2127 561 2196 Πάραλος,
575 2125 628 2196 lapis
672 2125 813 2177 niscvar.
829 2124 897 2188 XII,
912 2131 958 2189 41,
970 2136 997 2176 et
1011 2123 1143 2180 Plutarch.
1154 2129 1182 2180 in

120 2207 212 2278 τριήρης
219 2245 229 2273 ,
238 2209 320 2276 decep
329 2209 372 2260 ael
383 2200 518 2275 Ᾰντίγονις,
530 2201 573 2258 sal
582 2213 629 2260 Aa·
673 2204 818 2256 Demetrio.
832 2203 922 2256 Haan.

119 2287 236 2356 parprdc,
257 2297 308 2339 etc.
328 2287 422 2350 verbo,
440 2286 502 2353 {spel
517 2283 629 2355 τριήρης.
712 2283 759 2335 81.
786 2284 815 2334 In
836 2282 921 2351 templo
945 2282 1027 2335 Peer's.
1052 2282 1182 2337 lucendio

120 2366 241 2418 Meminit
258 2366 370 2436 hujusce
388 2364 474 2418 Parali
495 2365 569 2416 navis
583 2363 630 2416 Ci·
673 2363 763 2414 Roma.-
773 2361 937 2430 absumptam
947 2361 1038 2413 seriliit
1047 2361 1180 2416 Plutarch.

119 2463 178 2497 oero
185 2445 295 2498 inVerr.
303 2444 351 2497 Or.
359 2445 444 2508 IV,o.
453 2442 630 2495 135.Nomen
673 2441 701 2494 in
714 2440 866 2504 Demetrio,
878 2457 938 2510 pag.
954 2441 1018 2506 898.
1031 2439 1121 2494 Haan.

120 2524 198 2579 habet
208 2525 244 2578 ab
257 2535 366 2577 auctore
383 2521 491 2589 Paralo,
507 2519 541 2575 de
557 2539 628 2593 quo,
714 2521 759 2574 82.
777 2519 843 2571 Huic
859 2522 960 2589 pictura
981 2529 1066 2590 quater
1082 2519 1182 2575 colorem

121 2605 188 2670 vll,
201 2604 249 2675 57.
261 2603 352 2656 Banu.
672 2600 778 2665 inducit,
789 2599 893 2651 subsidio
906 2600 1000 2667 iujurioe
1010 2610 1034 2649 et
1046 2604 1180 2654 uetustatis.

159 2701 204 2753 79.
230 2682 350 2751 Pompa.
377 2680 515 2753 Πέριργον,
540 2680 630 2750 operis
673 2678 808 2731 Hermolai
824 2690 871 2731 est.
884 2675 972 2731 codd.
988 2688 1051 2730 vett.
1063 2691 1093 2731 ut
1105 2691 1181 2733 antea

119 2760 273 2831 appendix,
302 2762 467 2831 occasioque
500 2758 627 2812 dicitur:
673 2755 957 2812 elebatum-induxit
966 2768 1058 2809 contra
1067 2757 1181 2812 subsidia

121 2838 191 2911 qnod
208 2840 288 2893 alicui
305 2842 343 2893 rei
356 2851 451 2911 praeter
462 2838 628 2910 propesitum
671 2835 775 2907 injuriae
794 2848 820 2889 et
835 2834 1002 2889 vetustatis·
1029 2836 1135 2889 Novum
1149 2837 1181 2890 iis

120 2918 228 2973 additur
239 2941 247 2971 :
257 2932 287 2971 nt
298 2922 318 2971 si
331 2920 419 2990 pictor
428 2921 561 2971 Junouem
572 2916 629 2988 pin·
671 2916 723 2969 hoc
729 2916 877 2987 visum,qui
884 2914 1013 2967 subsidium
1021 2916 1119 2987 ubique
1126 2916 1181 2971 sere

121 3016 198 3069 gens,
211 2998 338 3053 ornandas
352 2998 456 3051 tabellae
478 2998 575 3067 gratia,
590 3016 630 3050 ar·
672 3014 722 3065 pro
734 2996 832 3047 auxilio
845 3008 872 3047 et
886 2993 1038 3065 adjpmento
1049 2996 1113 3066 poni
1125 3014 1180 3049 me·

121 3078 256 3142 basculos,
274 3078 454 3148 aviculusque,
466 3088 511 3129 sut
527 3074 629 3145 aliquid
671 3076 811 3129 mineram.
827 3074 880 3127 Sed
895 3074 996 3127 Plinius
1008 3074 1115 3125 subsidia
1131 3093 1181 3144 po·

122 3154 319 3229 hujuscemodi,
334 3157 465 3211 corollarii
476 3156 543 3218 vioe,
556 3152 630 3206 addi·
672 3154 723 3206 tuit
746 3152 852 3218 dicere,
876 3170 929 3223 quo
955 3170 1030 3205 sensu
1055 3154 1182 3224 vegetius

122 3233 197 3289 derit.
208 3238 264 3288 llas
272 3249 362 3289 autem
375 3234 471 3305 adjecit
481 3234 631 3300 naviculas,
671 3233 806 3297 sudseriae,
832 3230 907 3304 quasi
933 3252 983 3303 pro
1011 3230 1113 3284 insidiis
1137 3246 1182 3287 ant

122 3326 151 3367 ut
162 3336 176 3368 a
188 3316 286 3387 quibus
299 3316 381 3368 initiis
392 3312 426 3366 ad
440 3318 569 3384 majorum
582 3332 630 3365 na·
672 3313 810 3382 inopinata
823 3311 849 3363 vi
862 3328 869 3363 :
884 3310 924 3362 vel
939 3328 989 3381 pro
1003 3311 1029 3362 vi
1039 3324 1117 3382 atque
1131 3312 1180 3365 im·

121 3394 193 3447 sium
225 3392 418 3447 absolutionem
454 3392 631 3464 pervenisset,
671 3405 735 3461 petu
744 3391 849 3444 serioris
858 3390 992 3462 temporis.
1001 3390 1181 3445 Namsubsidr'a

122 3471 277 3526 ostenderet.
289 3473 382 3525 llaan.
672 3482 734 3526 sunt
744 3471 828 3523 robur
838 3466 983 3522 secundum
995 3483 1021 3523 et
1032 3484 1180 3541 posterum,

162 3555 207 3605 80.
215 3553 319 3624 Ialysus.
330 3552 434 3616 Strabo,
442 3549 630 3620 xlvffluss:
672 3549 788 3620 primam
804 3548 884 3601 aciem
905 3549 1040 3620 excipiens
1057 3562 1084 3603 et
1104 3551 1182 3603 susti·

121 3634 172 3685 rtet
183 3634 267 3685 αἰτοῦ
284 3632 445 3702 Προτογίνους
457 3632 566 3700 γραφαὶ,
580 3630 593 3680 d
603 3649 630 3683 τι
673 3646 747 3681 nens.
758 3628 848 3691 Multi,
860 3628 905 3699 qui
917 3628 1047 3699 principia
1058 3642 1180 3681 constan·

121 3700 304 3775 la'tuuomuld
314 3712 419 3779 Σάτυρος
429 3714 542 3779 παρις-ὼς
555 3711 630 3779 culp.
673 3721 715 3761 ter
729 3708 874 3761 toleravere
885 3718 931 3759 aut
946 3708 1023 3759 etiam
1036 3708 1180 3778 impulere,

122 3790 216 3843 Cicero
239 3788 273 3841 ad
292 3790 371 3843 aruc.
389 3790 436 3841 lib.
453 3788 496 3853 11,
511 3806 553 3860 ep.
575 3806 627 3841 ar:
672 3800 732 3858 post
756 3787 895 3858 principiis
918 3804 1018 3839 cessere
1041 3804 1047 3839 :
1067 3786 1124 3848 vel,
1153 3800 1182 3839 ut

123 3891 134 3913 ι
148 3869 181 3921 Et
192 3882 222 3921 ut
237 3869 343 3939 Apelles
355 3869 377 3922 si
388 3870 535 3931 Venerem,
549 3880 596 3919 aut
608 3868 630 3919 si
673 3867 768 3919 clarius
779 3864 882 3929 dicam,
896 3866 941 3935 qui
952 3866 1045 3936 primas
1057 3864 1121 3917 aciei
1135 3865 1183 3917 ho·

123 3948 283 4018 Protogenes
305 3948 420 4019 Ialysum
447 3946 522 3999 illum
552 3965 628 3999 suum
673 3944 1108 4009 stilirestiterant,autetiameam
1122 3944 1182 3997 loco

123 4026 449 4089 coenooblitumvideret,
462 4040 510 4079 etc.
524 4027 632 4078 -Vene0
673 4037 826 4088 moverant,
851 4024 914 4075 victi
936 4034 996 4074 sunt
1023 4040 1037 4073 a
1057 4022 1185 4083 subsidiis,

124 4123 179 4157 rem
191 4124 251 4159 cum
267 4106 351 4176 lalyso
362 4105 408 4177 qui
418 4106 564 4176 componit,
576 4122 629 4157 non
673 4116 814 4174 postquam
829 4121 870 4155 res
884 4100 916 4154 ad
937 4100 1041 4153 triarios
1057 4100 1187 4155 rediisset.

124 4184 308 4239 urbisrlomen
322 4202 391 4249 esse,
408 4197 437 4237 ut
454 4184 561 4255 quidam
580 4203 629 4256 pu·
674 4184 832 4235 Praesentem
851 4180 1188 4251 injuriam,omnibuscu-
1252 4221 1257 4230 .

198 4284 261 4350 IX.
1022 4274 1066 4345 23
