3100 5125
359 504 410 573 a,
641 480 682 547 c.
711 478 876 547 rotun
902 482 1007 548 nar.
1033 482 1158 548 nist.
1225 547 1229 558 ,

364 614 413 680 sui
434 625 526 705 parte
542 597 685 697 tribuit⁵,
704 625 740 679 ut
755 613 889 680 minime
909 636 1023 708 parca,
1037 609 1204 707 facilisque
1220 616 1254 682 iu
1271 618 1425 686 omnibus

362 738 577 811 quecumque
599 732 747 810 prosunt.
774 715 835 785 llla
856 742 917 787 nos
941 703 1127 813 premunt⁶‚
1148 716 1202 787 illa
1222 744 1284 789 nos
1303 721 1345 789 ad
1370 725 1424 791 in-

364 824 451 893 leros
468 836 588 917 agunt,
602 848 674 917 quae
688 822 886 916 occultavit⁷
902 839 999 918 atque
1014 823 1187 910 demersit,
1202 825 1256 894 illa
1269 852 1341 920 quae
1357 852 1423 896 non

363 949 545 998 nascuntur
564 914 732 1024 repentel.
745 928 862 999 Μοῦς’
881 929 923 999 ad
945 932 1041 998 inane
1058 929 1192 999 evolans
1210 946 1340 1026 reputet
1350 958 1423 1027 quae

359 1034 478 1103 deinde
498 1033 609 1103 futura
628 1036 669 1103 sit
688 1033 762 1103 sinis
781 1032 906 1104 seculis
926 1035 1081 1104 omnibus
1101 1036 1314 1105 exhauriendi
1330 1062 1421 1107 eam:

359 1165 532 1235 quousque
558 1154 769 1233 penetratura
796 1142 943 1209 avaritia.
974 1144 1084 1229 Quam
1113 1142 1287 1225 innocens,
1322 1166 1421 1237 quam

357 1243 471 1332 beata,
489 1247 590 1315 immo
613 1270 693 1314 vero
713 1260 747 1313 et
765 1244 903 1314 delicata
925 1259 1011 1314 esset
1024 1246 1108 1328 vita,
1128 1247 1155 1315 si
1171 1246 1251 1315 nihil
1271 1247 1419 1337 aliunde,

353 1375 457 1445 quam
472 1375 571 1445 supra
584 1366 700 1433 terras,
716 1352 980 1445 concupisceret;
993 1351 1246 1445 breviterque¹⁰,
1259 1356 1320 1423 nisi
1332 1357 1420 1449 quod

356 1478 467 1527 secum
482 1452 549 1525 est!
1402 1461 1405 1465 ’

398 1662 425 1716 5.
450 1662 594 1733 Quanquam
609 1660 702 1726 etluee
718 1678 809 1713 sum
828 1666 866 1712 eet
910 1673 1003 1714 nutura
1024 1661 1125 1733 gignit,
1144 1675 1175 1715 nt
1197 1662 1240 1715 illa
1262 1683 1345 1734 seqre,
1362 1686 1418 1721 nou

353 1754 425 1810 parre
435 1741 533 1801 tribuit,
546 1752 573 1792 ut
584 1742 769 1809 minimeperea.
780 1740 867 1795 Locus
910 1754 1003 1809 sponte
1015 1759 1109 1812 parere
1123 1741 1254 1795 videatur.
1269 1742 1360 1799 litun.
1379 1780 1418 1789 -

357 1821 537 1875 insanabiliter
565 1832 717 1889 corruptus,
745 1819 864 1891 egregie,
909 1820 1026 1893 illaque
1039 1827 1416 1893 uouuascuutarrepeote.dleoe

356 1913 385 1953 ut
396 1914 477 1972 puto,
492 1912 598 1952 curatus
610 1911 663 1963 est,
676 1898 866 1969 restitutusque
910 1901 946 1950 ed
958 1903 1028 1951 inane
1041 1901 1135 1952 erulam
1152 1915 1242 1971 reputet
1259 1922 1313 1975 quoe
1330 1905 1416 1959 deiude

354 1982 383 2032 iu
394 1980 533 2051 pristinum
544 1991 639 2031 statuta
652 1996 660 2029 ι
673 1977 700 2029 in
712 1976 808 2029 eodem
815 1997 866 2029 uo·
904 1979 993 2044 sutura
1015 1982 1048 2029 sie
1059 1978 1149 2048 siais...
1167 1982 1323 2035 aloarieode'
1341 2004 1415 2039 ears:

355 2073 409 2111 stru
425 2058 585 2131 exeurplari,
604 2076 657 2109 oon
677 2060 772 2109 minime
788 2077 865 2127 parca
908 2078 1027 2130 quousque
1035 2053 1190 2128 penetratura
1201 2067 1312 2116 uvardia.
1327 2063 1370 2116 sie
1380 2066 1418 2117 lu-

314 2142 317 2150 *
356 2136 740 2210 legitumscdsugresiurclra:
760 2136 863 2200 scribo,
909 2139 1418 2196 cumhuncrefluximusductucodicis

357 2216 750 2288 -lrugisitorcha.·P1n·r.-
772 2216 806 2267 Ut
821 2222 865 2268 nu'·
908 2216 971 2287 Reg.
983 2236 1009 2282 a,
1024 2229 1050 2269 et
1062 2219 1120 2286 ejus
1130 2237 1208 2287 quem
1223 2221 1360 2274 Pintianus
1370 2223 1416 2275 hr-

355 2302 506 2366 m'oreporeu.
519 2297 559 2347 Ex
572 2294 864 2367 vestigiisveterisscri·
907 2296 982 2359 buit,
996 2294 1105 2349 totidem
1121 2299 1198 2367 plane
1211 2300 1316 2369 syllabis
1328 2303 1415 2373 apici·

354 2389 453 2447 ptura,
466 2374 619 2429 Gronovius
632 2373 793 2444 conjiciebat
809 2375 862 2445 legi
908 2374 1010 2446 busque
1026 2376 1171 2429 litterarum
1185 2378 1285 2448 integra
1302 2379 1357 2433 lide
1372 2400 1414 2435 re·

353 2454 518 2508 commodius
539 2472 632 2525 posse,
652 2466 705 2504 «ut
722 2472 864 2523 suggerens
907 2456 1098 2523 presentatis:
1133 2456 1347 2528 interpunctione
1378 2462 1414 2532 ire

352 2534 444 2606 large:
462 2560 473 2582 ι
492 2532 583 2587 eadem
600 2530 737 2586 sententis.
752 2532 842 2586 llsnn.
906 2546 1024 2599 servata,
1040 2548 1068 2588 ut
1082 2553 1127 2587 sus
1143 2536 1255 2589 orationi
1270 2540 1415 2607 sententia,

388 2618 418 2667 ’6.
441 2615 490 2668 ma
510 2633 553 2666 nor
573 2623 701 2682 pareunt,
727 2623 779 2664 etc.
800 2612 878 2664 Peri¹
907 2631 1012 2684 neque,
1025 2628 1055 2666 ιιι
1067 2613 1154 2684 prius,
1169 2609 1296 2687 impedita
1312 2634 1413 2673 consta·

352 2694 478 2764 elegantia
492 2693 520 2745 io
535 2689 628 2744 eodem
644 2704 801 2762 argumento
815 2693 862 2746 Se·
906 2705 956 2744 ret.
974 2693 1018 2745 Sic
1035 2694 1105 2744 enim
1127 2694 1184 2765 typi
1204 2695 1355 2768 interpolati
1367 2701 1413 2752 lta·

351 2791 413 2825 neca
422 2783 550 2835 versatus,
564 2770 641 2842 epist.
655 2787 725 2831 xciv,
742 2788 769 2837 p.
784 2776 859 2836 4¹9:
905 2771 984 2822 beat:
1000 2772 1065 2823 ullla
1078 2790 1137 2841 qua
1150 2791 1203 2824 non
1212 2789 1372 2830 noscuntur:
1384 2796 1412 2832 ut

355 2878 365 2898 ·
381 2856 481 2904 Aurum
495 2847 602 2920 quidem
618 2861 644 2902 et
656 2860 810 2918 argentum,
821 2849 862 2900 iu·
903 2863 1015 2920 repente
1027 2868 1128 2904 mens...
1142 2869 1281 2924 quousque
1292 2869 1413 2926 penetret

351 2931 423 3002 quit,
437 2943 463 2984 et
476 2940 585 3000 propter
594 2929 642 2982 ista
652 2945 797 2998 numquam
813 2946 861 2998 po·
903 2929 1020 2982 avaritia.
1035 2957 1048 2976 ι
1059 2927 1150 2981 Hssn.

351 3027 498 3081 comagene
513 3009 630 3071 serrum,
643 3006 715 3078 quasi
729 3005 797 3058 nrale
811 3026 859 3059 no·
944 3025 971 3076 9.
988 3008 1066 3060 Meas.
1080 3009 1193 3062 llleosin
1204 3011 1296 3064 celum
1308 3032 1336 3065 se
1345 3033 1412 3085 pao·

350 3089 391 3142 bis
399 3088 638 3150 committerentur,
648 3079 795 3138 abscondit.
805 3086 860 3138 Nos
902 3086 984 3158 lisprr
994 3088 1105 3140 efferens
1115 3107 1202 3141 secum
1217 3104 1334 3161 reputet,
1351 3095 1411 3164 quis

350 3170 376 3234 in
401 3169 505 3228 lucem,
521 3179 632 3237 propter
651 3182 708 3236 quar
727 3183 858 3234 pugnare·
903 3167 935 3218 sit
956 3166 1016 3218 finis
1037 3167 1144 3219 futtrrus
1164 3187 1288 3241 umquam
1311 3172 1410 3226 exhau-

350 3267 424 3314 mus,
438 3246 669 3300 extulimus...nec
680 3244 858 3314 erubescimus
902 3244 987 3297 riendi
1003 3247 1143 3300 tellurem:
1164 3260 1189 3300 et
1208 3268 1349 3322 quousque
1362 3272 1409 3324 pe·

348 3345 451 3380 summa
462 3324 533 3395 apud
546 3343 593 3377 nos
604 3323 717 3387 habere,
730 3341 789 3394 quse
800 3324 857 3376 sue·
900 3337 1035 3378 netratura
1059 3326 1092 3378 sit
1116 3328 1234 3382 ovantia.
1261 3329 1351 3384 lisso.
1369 3364 1408 3375 -

349 3420 407 3459 rant
422 3405 654 3458 innocentium..
672 3401 763 3454 liano.
901 3403 971 3455 Meus
991 3405 1027 3456 od
1048 3409 1127 3458 tuane.
1151 3406 1234 3460 Inane
1256 3427 1306 3478 pro
1328 3411 1409 3475 ciclo,

386 3485 485 3554 7.Quu
497 3483 631 3536 occultavit.
646 3481 746 3534 Horatii
756 3481 850 3535 scitum
901 3501 975 3546 aere,
999 3484 1129 3538 familiare
1144 3490 1289 3558 presertim
1308 3493 1409 3561 poetis,

345 3564 412 3618 illud
429 3563 481 3616 huc
496 3563 611 3634 pertinet
626 3582 632 3612 ι
649 3559 776 3616 -nurum
790 3561 856 3613 irre·
899 3581 931 3616 ac
947 3561 1044 3616 Plinio.
1069 3591 1080 3611 ι
1095 3564 1146 3617 Per
1165 3565 1266 3625 inania,
1282 3587 1408 3640 magnum

344 3657 466 3716 pettam,
478 3643 552 3696 etsie
568 3641 662 3694 melius
673 3640 749 3693 situm
761 3640 853 3704 Quum
901 3641 994 3706 inune,
1009 3668 1020 3689 ·
1035 3642 1127 3698 Mero:
1143 3645 1301 3714 Lucretius,
1319 3675 1330 3696 ι
1345 3669 1408 3721 pro-

345 3737 413 3778 terre
430 3723 511 3786 celet,
528 3735 579 3776 etc·
594 3747 605 3768 ι
622 3717 674 3772 Od.
689 3719 736 3773 lib.
750 3720 807 3783 111,
820 3719 854 3783 3,
899 3720 1013 3773 landum
1027 3721 1121 3790 inane,
1133 3750 1145 3771 ι
1159 3743 1228 3796 supe
1240 3725 1339 3782 dixere,
1351 3731 1384 3782 Η,

343 3823 411 3859 κη,
427 3807 472 3870 49.
488 3801 579 3856 lisso.
938 3819 979 3853 10.
1000 3801 1167 3875 Breviterque,
1182 3809 1229 3857 nisi
1247 3807 1313 3876 quod
1327 3827 1404 3860 usum

382 3887 409 3939 8.
429 3881 463 3934 Ut
479 3894 572 3951 asperus
587 3898 651 3932 mens
666 3879 783 3931 adiuuere
796 3899 851 3930 euo-
893 3881 1009 3950 est.ch.
1024 3894 1077 3934 set
1087 3883 1165 3936 colb.
1179 3885 1211 3949 3,
1225 3885 1405 3954 ¹haberetque

340 3969 401 4018 tam.
417 3960 564 4032 Superfluit
582 3958 669 4029 prims
684 3977 737 4010 vox
752 3970 849 4030 exuet.
893 3977 948 4012 non
963 3959 1015 4012 nisi
1036 3960 1109 4032 quod
1126 3981 1216 4018 mcum
1230 3976 1283 4028 est,
1299 3989 1310 4010 υ
1334 3965 1404 4021 sorte

339 4040 503 4098 cod.P1sr.
525 4070 565 4080 -·-
585 4037 636 4088 Ille
658 4056 712 4108 quoe
736 4056 784 4088 non
806 4057 851 4089 aa·
894 4039 1051 4109 elegantius.
1066 4041 1402 4115 H.-Sicqnoquellro·

339 4137 437 4180 eeuotm·
467 4136 569 4196 repenoe.
610 4118 677 4181 Quae
704 4129 756 4169 tam
782 4117 851 4169 lente
896 4117 977 4170 terius
989 4119 1156 4174 scribendum
1173 4123 1284 4176 censuit.
1299 4123 1349 4179 En.
