3100 5125
347 539 431 628 346·
606 545 646 616 C.
673 547 800 618 PLIN
808 549 848 617 11
873 547 980 618 NAT.
1005 546 1138 616 HIST.

344 676 484 748 lustrato
493 662 528 747 ²⁸.
557 677 667 771 Hujus
682 679 872 750 inferiorem
894 693 1021 776 partem
1040 691 1233 772 corruptam
1249 676 1304 772 qui
1327 675 1413 746 refi-

345 797 453 867 ceret,
476 807 544 883 non
564 786 674 878 potuit
691 788 836 881 reperiri.
865 791 991 856 Verum
1019 787 1090 880 ipsa
1112 785 1231 878 injuria
1255 785 1352 853 cessit
1374 784 1414 849 iu

346 889 486 985 gloriam
507 890 656 960 artificis.
677 894 861 962 Consenuit
883 894 956 962 haec
978 890 1090 961 tabula
1112 893 1221 962 carie:
1243 887 1416 982 aliamque·

345 1022 408 1092 pro
433 1020 472 1064 ea
496 997 588 1064 Nero
614 998 802 1093 principatu
822 997 992 1070 substituit
1016 1022 1092 1084 suo,
1113 996 1273 1066 Dorothei
1292 1019 1408 1064 mauu.

294 1131 327 1183 29
347 1099 478 1196 Apelles
503 1100 716 1172 inchoaverat
742 1105 838 1174 aliam
858 1107 1022 1174 Venerem
1045 1101 1156 1172 Cois²⁹
1157 1116 1410 1198 ,superaturus

345 1210 444 1277 etiam
458 1231 551 1277 suam
571 1206 659 1278 illam
675 1211 830 1304 priorem.
853 1211 977 1280 Invidit
997 1194 1104 1280 ιιιιιιι3
1108 1207 1270 1304 οριιιιιιιιι
1289 1221 1410 1302 parte.

345 1338 408 1383 nec
429 1315 487 1407 qui
508 1313 700 1386 succederet
719 1319 813 1412 operi
839 1317 882 1387 ad
913 1319 1104 1412 praescripta
1136 1313 1368 1446 lipeamenta
1359 1337 1409 1380 m·

345 1432 464 1489 ventus
486 1435 545 1490 est
566 1422 675 1491 Pinxit
694 1437 728 1491 et
749 1421 973 1493 Alexandrum
990 1406 1196 1517 Magnum³¹,
1216 1419 1341 1489 fulmen
1361 1432 1410 1486 te·

344 1539 478 1596 nentem
484 1513 686 1622 intemplo
685 1529 838 1625 Ephesiae
854 1529 1113 1625 Dianae‚viginti
1126 1473 1281 1595 talehtis³²
1284 1526 1411 1619 Digiti

344 1733 440 1806 qnod
431 1735 545 1801 interiit,
560 1735 663 1790 Pallas
654 1737 744 1809 iniqua
757 1739 820 1796 tuit.
836 1764 848 1786 ι
895 1739 993 1812 reliqui
1004 1737 1127 1809 corporis
1140 1733 1265 1790 imitandi
1277 1751 1350 1806 apem
1360 1751 1412 1787 au·

344 1813 470 1870 Leonida
479 1814 595 1888 denique
606 1817 787 1871 Tarentini·
797 1817 854 1872 Ad·
896 1819 1028 1874 terebat.
1043 1819 1077 1872 Et
1089 1815 1211 1871 Famill
1219 1833 1281 1888 ‚.ep
1297 1814 1411 1884 9:11Ut

344 1895 398 1948 buc
415 1894 521 1966 abipso
535 1911 627 1950 matris
640 1897 770 1950 orientem
784 1899 853 1964 sinu,
896 1899 1002 1972 Apelles
1017 1897 1129 1953 Veneria
1152 1908 1248 1967 caput,
1264 1907 1291 1948 et
1307 1911 1413 1947 summa

345 1973 441 2027 Adhuc
451 1987 613 2046 strepentem
626 1994 735 2047 spumeo
747 1979 853 2050 Cyprin
896 1979 1017 2052 pectoris
1034 1977 1189 2050 politissima
1209 1987 1265 2028 arta
1284 1973 1411 2046 perfecit,

343 2054 416 2121 solo,
428 2053 530 2109 Videns
539 2056 656 2126 Apellea,
664 2057 792 2127 inclytum
802 2059 855 2111 for·
896 2060 1149 2147 reliquampartem
1170 2055 1290 2124 eorporis
1303 2051 1413 2106 inchoa·

232 2161 236 2170 ·
344 2151 394 2186 ιιιιι
416 2133 513 2196 decus,
533 2135 595 2188 Non
620 2136 754 2190 emulatus
775 2151 852 2192 arte:
898 2152 951 2193 tam
973 2137 1099 2210 reliquit:
1113 2135 1151 2188 sic
1165 2131 1273 2206 qnidam
1287 2131 1412 2185 homines

286 2228 288 2231 ·
346 2211 433 2265 aed
407 2231 498 2268 vasum
513 2213 595 2268 dedit.
610 2214 731 2268 Videsne
746 2217 857 2270 summis
897 2220 925 2272 in
951 2219 1037 2289 capite
1055 2234 1114 2270 meo
1136 2215 1195 2268 solo
1221 2212 1410 2273 elaborarunt,

344 2293 504 2348 manibusut
514 2294 622 2365 stringat
634 2312 751 2360 comam
760 2295 856 2349 Micet·
897 2310 973 2352 etc·
991 2295 1083 2348 Haan.

344 2390 397 2442 que
413 2373 489 2444 puris
502 2373 639 2444 fulgurans
658 2375 741 2428 oculis
760 2394 854 2441 amor,
939 2375 986 2430 31.
1013 2376 1098 2428 Ps'aait
1117 2383 1143 2425 et
1161 2349 1327 2425 Alexndrum
1350 2369 1411 2422 Ma·

344 2452 450 2506 Matura
466 2453 540 2524 tangi
559 2464 682 2524 turgeant
699 2467 730 2508 ιιι
747 2414 855 2509 oberei
895 2475 979 2528 gnum.
995 2457 1035 2508 De
1049 2455 1100 2508 hac
1119 2453 1223 2524 pictura
1237 2448 1325 2504 dicere
1348 2449 1412 2502 scli-

344 2531 447 2587 Nunc
439 2550 496 2604 ipsa
513 2530 584 2587 dicat
603 2533 687 2588 Pallas
707 2547 733 2589 et
757 2535 855 2607 conjux
897 2550 954 2592 tum
967 2537 1056 2591 lerunt
1067 2531 1203 2604 Apellen,
1218 2529 1285 2585 duos
1297 2530 1411 2583 Alexan·

343 2612 419 2666 Iovis
432 2616 544 2666 :Actum
558 2624 614 2678 est,
626 2632 677 2666 nec
686 2614 765 2679 ultra,
774 2616 792 2666 J
794 2614 853 2687 upi·
897 2616 961 2671 droa
972 2634 1027 2670 esse
1043 2632 1049 2667 :
1065 2615 1178 2667 alterurn
1191 2610 1309 2684 Philippi
1325 2610 1411 2665 estex·

344 2704 394 2757 ter,
406 2692 621 2746 contendimus·
636 2692 675 2745 Ea
688 2694 786 2765 quibua
797 2712 856 2748 car
897 2717 956 2756 τοι,
968 2694 1071 2769 Apellis
1082 2694 1193 2747 alterum
1205 2690 1339 2762 ἀμίμητον.
1352 2690 1413 2742 Plu·

344 2772 474 2837 minibus,
487 2784 534 2825 ant
548 2783 618 2825 certe
633 2771 707 2825 band
724 2773 854 2826 absimili·
898 2777 982 2830 tarch.
1000 2776 1049 2827 Or.
1072 2793 1105 2837 ι,
1127 2770 1161 2825 de
1186 2772 1257 2824 Fort.
1281 2765 1412 2823 Alexand.

343 2848 410 2911 hus,
424 2849 526 2903 Plinius
542 2851 641 2903 victum
657 2850 760 2921 Apellis
771 2871 854 2924 opus
897 2874 956 2929 pag.
973 2852 1038 2907 335.
1051 2810 1142 2905 [laih.

343 2927 390 2983 aed
403 2930 561 2983 illustratum
569 2927 646 2983 dicit.
657 2928 747 2983 Ηιιιι.
939 2936 986 2990 3ι.
1000 2930 1208 3026 Vigiptitaleatia.
1220 2924 1411 2981 Inlihrisedi·

386 3010 429 3063 ab,
438 3010 529 3075 Victo,
543 3008 725 3064 sedsllnstrato.
741 3011 781 3063 Ita
795 3010 856 3083 qni·
898 3014 945 3077 ιίι,
965 3027 1043 3087 atque
1060 3013 1087 3065 in
1110 3010 1168 3081 ipso
1181 3011 1245 3079 Reg.
1262 3004 1355 3060 acod.
1367 3004 1412 3059 aed

344 3087 406 3141 dem
430 3088 493 3142 libri
511 3107 603 3142 omnes
623 3090 715 3160 scripti
738 3102 766 3141 et
780 3088 854 3143 editi.
898 3094 1023 3165 imperita
1039 3089 1194 3145 recentioris
1207 3086 1338 3157 alicujus'
1330 3099 1411 3139 anter·

230 3220 234 3227 ,
344 3173 455 3223 Atcerte
464 3167 716 3231 emendandumest
722 3189 770 3221 noa
778 3172 853 3223 arcto
898 3172 1026 3246 potatoris
1040 3188 1137 3233 ιιιιιιιιι,
1151 3186 1291 3238 erasoque
1303 3166 1413 3219 suberat

345 3249 455 3305 Exstant
468 3246 615 3319 quidemn
623 3248 854 3320 Anthologrndll,
899 3271 980 3317 voce,
1000 3252 1097 3324 legitur
1122 3252 1253 3319 olgiats'ta
1237 3247 1323 3298 clentis
1348 3248 1411 3299 arni.

349 3346 383 3383 ta
394 3368 403 3392 ,
415 3328 492 3399 plura
501 3328 689 3398 epigrammata
698 3327 792 3384 dehac
804 3328 857 3383 Ve·
898 3334 1009 3387 Talenta
1024 3331 1082 3385 auri
1099 3328 1184 3383 sicubi
1199 3339 1283 3399 poete
1302 3324 1412 3388 dixere,

344 3426 409 3461 nere
411 3405 526 3479 quibua
536 3407 737 3473 illdata-statuit
747 3408 856 3463 aedni-
899 3426 929 3466 nt
940 3414 1016 3466 Maro
1025 3429 1079 3463 non
1091 3408 1185 3472 semel
1198 3406 1232 3461 de
1241 3406 1339 3475 ingenti
1351 3402 1411 3457 auri

345 3486 418 3541 nime
431 3486 509 3539 vicl!-
522 3487 607 3539 ΒΜ·
898 3489 1019 3564 pondere
1037 3488 1195 3560 accipimus,
1212 3504 1266 3538 non
1285 3482 1320 3537 de
1342 3496 1412 3537 certu

279 3560 285 3571 ’
388 3583 432 3635 ²9·
447 3565 513 3619 Cois.
529 3566 570 3619 De
585 3566 636 3621 hac
653 3565 787 3621 Ovidius.
805 3568 856 3623 -si
898 3590 1021 3625 mensura
1035 3586 1169 3641 pecuniae
1179 3582 1310 3637 qrtssauro
1321 3576 1410 3633 potrus

345 3663 494 3716 numquam
507 3643 640 3699 Venerem
648 3646 712 3701 Cois
727 3638 858 3718 pinxisset
899 3669 979 3723 qnam
994 3660 1115 3720 urgento.
1139 3657 1267 3698 constet.
1289 3642 1335 3696 sed
1357 3644 1414 3694 auri

347 3725 469 3796 Apelles.
492 3724 580 3777 Mersa
598 3727 648 3778 sub
662 3727 791 3797 aequoreis
810 3727 856 3780 illa
900 3730 939 3785 illi
965 3727 1093 3783 addidere
1118 3724 1238 3789 scilicet,
1263 3720 1338 3795 quod
1357 3724 1414 3793 ejus

346 3806 439 3858 Metel
454 3804 561 3876 lquiffl·
551 3806 645 3857 ·-l)t¹=
901 3810 995 3863 tabulas
1009 3806 1197 3877 manipretium
1213 3822 1278 3856 auro
1298 3802 1412 3855 solutum

388 3882 433 3936 to
441 3884 532 3937 lxvidie
541 3903 613 3937 mors.
619 3883 714 3938 cicero
727 3883 762 3938 de
773 3884 856 3939 Offic.
901 3908 963 3942 mox
973 3887 1085 3942 dicatur.
1093 3884 1203 3939 Talenta
1215 3882 1302 3935 Attica
1312 3881 1413 3952 argenti

348 3964 403 4025 III.
418 3982 446 4016 n
461 3978 515 4016 ιο.
531 3964 588 4016 Ut
599 3981 679 4015 nemo
694 3963 858 4035 pictos-esset
901 3968 1042 4039 intellige.
1061 3984 1176 4037 quorum
1193 3964 1283 4015 vicena
1303 3972 1413 4013 monetas

348 4042 471 4096 inventus
476 4042 855 4113 ,quiveneriseampartem
900 4048 1001 4119 gallicae
1021 4046 1142 4099 efficiunt
1160 4044 1241 4097 libras
1256 4042 1303 4106 48,
1305 4058 1365 4092 ooo.
1378 4038 1409 4091 Η.

348 4122 538 4192 qnamApelles
547 4122 693 4175 anchoatam
701 4124 857 4194 reliquisset
902 4128 1057 4196 —Vigiata'
1074 4126 1177 4177 talentis.
1198 4122 1269 4175 Brot
1291 4139 1323 4173 ex
1336 4118 1411 4172 MSS.

348 4199 516 4253 absolveret:
510 4199 669 4253 ·orissnim
682 4200 858 4275 pulchritudo
902 4208 984 4278 llegg
1001 4228 1030 4271 a,
1048 4206 1082 4272 3,
1095 4218 1121 4257 et
1135 4201 1200 4256 edit.
1213 4200 1349 4289 principe,
1375 4200 1413 4247 ui·
