3100 5125
379 466 424 535 32
647 470 686 537 C.
715 470 886 538 PLlNll
914 470 1019 539 ΝΑΤ.
1050 470 1179 539 HIST.

379 603 524 697 quinque
543 600 712 671 librarum.
735 604 813 672 Piso
837 587 957 695 Frugi⁵
978 600 1081 670 lilium
1099 626 1140 670 ex
1158 605 1287 697 private
1308 614 1452 702 pecunia

380 708 516 777 donavit
534 733 542 776 ε
557 732 697 801 eantque
715 732 875 777 coronam
891 721 1091 777 testamento
1105 710 1134 777 ei
1147 701 1365 806 proelegorit⁶.

348 836 357 870 ¹
431 816 509 883 Xll.
534 806 626 901 (ιιι.)
648 816 797 883 Deorum
825 826 908 882 vero
928 814 1048 883 honori
1069 816 1104 882 in
1127 810 1228 886 sacris
1253 818 1334 889 nilril
1356 821 1448 892 aliud

372 922 599 1015 excogitatum
610 934 675 1007 est,
688 944 788 1013 quarn
803 936 839 988 ut
854 923 977 989 auratis
994 921 1151 989 cornibus
1162 920 1447 1019 hostiae,majores

378 1024 578 1110 dumtaxnt¹‚
592 1024 854 1095 immolarentur.
869 1026 935 1094 Sed
949 1028 982 1093 in
998 1026 1112 1095 militia
1125 1052 1256 1121 quoque
1267 1032 1300 1098 in
1314 1046 1446 1104 tantum

378 1129 521 1201 adolevit
543 1132 615 1201 haec
638 1130 786 1219 luxuria,
806 1147 845 1201 ut
866 1134 915 1201 M.
938 1135 1031 1202 Bruti
1052 1135 1086 1201 in
1109 1132 1298 1229 Philippicis
1319 1142 1447 1234 campis

272 1224 277 1235 ⁸
378 1237 523 1331 epistolae
553 1239 761 1331 reperiantur
794 1238 988 1325 frementes,
1022 1238 1140 1308 fibulas
1168 1242 1380 1313 tribunicias'
1402 1272 1444 1316 ex

421 1406 447 1461 5.
469 1408 528 1460 Piso
549 1408 636 1478 Frugi.
659 1408 710 1461 Cui
733 1409 766 1461 ab
789 1408 888 1480 insigni
931 1407 1048 1476 Jupiter,
1067 1408 1135 1460 bore
1147 1407 1272 1463 cornibus
1285 1428 1350 1465 euro
1363 1412 1444 1467 deco·

378 1486 526 1557 frugalitate
541 1506 696 1559 cognomen.
704 1488 794 1541 Valer.
814 1488 886 1539 Mox.
932 1489 996 1539 ratis
1008 1504 1137 1539 vovemus
1151 1505 1206 1539 esse
1221 1488 1349 1544 futurum.
1364 1518 1376 1540 ι
1393 1495 1445 1547 l'e·

377 1567 423 1620 lib.
440 1568 491 1631 w,
508 1566 707 1639 eup.3,num.
727 1584 781 1621 ro:
806 1594 817 1614 ι
835 1567 885 1619 lla·
931 1578 973 1619 tus
991 1565 1129 1636 inscriptio
1150 1566 1271 1621 Fratrum
1287 1572 1442 1641 Arvalium,
1496 1598 1507 1605 ·

376 1646 482 1699 biorum
517 1659 544 1699 et
573 1646 682 1717 Ogulnii
714 1646 886 1700 continentia
931 1644 1003 1716 apud
1023 1647 1102 1699 Grut.
1122 1663 1201 1698 sors.
1220 1667 1334 1703 eruero.
1357 1670 1440 1706 voss.

375 1726 550 1796 Calpurnium
565 1726 688 1779 Pisonem
706 1727 732 1778 in
751 1726 884 1779 consimili
928 1734 1074 1778 ursssssrr.
1089 1728 1376 1798 rvnvsvrr.Virgilius:
1390 1733 1442 1787 ιΕι

374 1823 473 1875 genere
494 1804 580 1859 laudis
598 1806 724 1859 emulum
744 1806 825 1859 fuisse
841 1823 883 1858 res
929 1816 1044 1857 statuum
1069 1816 1131 1857 ante
1154 1822 1212 1857 ares
1234 1822 1324 1861 aurata
1350 1810 1440 1865 fronte

373 1884 430 1956 ipsa
450 1884 610 1938 documento
625 1896 663 1939 est
679 1904 686 1938 :
703 1887 794 1938 consul
810 1886 884 1956 gravi
924 1886 1079 1955 juvencum.
1091 1909 1102 1931 ι
1118 1882 1291 1951 Prudentius,
1305 1888 1398 1957 hymn.
1410 1892 1439 1945 in

372 1964 546 2035 fugitivorum
562 1964 633 2018 bello
648 1984 663 2017 a
677 1984 704 2017 se
718 1966 826 2018 liberere
840 1964 882 2016 Si·
927 1964 955 2017 S.
969 1966 1137 2028 Romanum,
1151 1980 1219 2015 vers.
1238 1983 1307 2019 rosr
1325 1984 1332 2019 :
1349 1993 1361 2015 ι
1377 1972 1438 2025 flue

324 2090 329 2101 .
372 2044 643 2116 oilie,qos,quorum
653 2044 882 2116 precipunopere
925 2054 1018 2096 taurus
1037 2043 1144 2113 ingene,
1160 2043 1250 2097 fronte
1262 2058 1337 2099 torva
1350 2061 1377 2102 et
1393 2050 1436 2103 tri-

371 2142 433 2177 usus
445 2125 544 2188 luerat,
557 2125 728 2195 imperatorio
742 2143 817 2177 more
832 2122 882 2176 do·
925 2122 1000 2191 spida
1011 2161 1019 2186 ,
1030 2122 1113 2175 Sertis
1129 2124 1264 2177 revinctus
1276 2139 1321 2177 out
1333 2145 1382 2196 per
1395 2148 1437 2183 sn·

370 2204 411 2256 nis
430 2206 656 2275 prosequebatur:
680 2206 749 2258 iuter
765 2222 833 2275 quos
852 2203 882 2255 fl·
924 2220 983 2255 mos
1003 2200 1110 2266 floreis,
1129 2205 1182 2255 Aut
1197 2203 1332 2274 impeditis
1346 2210 1436 2261 conri-

370 2282 434 2335 lium
451 2302 526 2336 suum
543 2284 607 2335 locis
616 2283 717 2352 aliquot
732 2283 880 2353 praeliatum
923 2283 973 2334 bus
995 2280 1156 2334 deducitur:
1174 2282 1230 2334 Nec
1247 2303 1303 2337 non
1321 2297 1350 2338 et
1369 2305 1435 2342 euro

370 2362 525 2428 fortissime,
547 2362 623 2416 titulo
647 2364 726 2415 trium
751 2364 880 2416 librarum
923 2362 997 2414 lrons
1026 2373 1145 2415 coruscet
1175 2361 1283 2426 hostis,
1313 2378 1433 2438 setasque

368 2458 453 2496 aureae
469 2460 575 2497 coronae
586 2441 738 2495 decoravit:
754 2442 879 2512 prefatus
923 2441 1012 2511 fulgor
1028 2440 1166 2495 bractealis
1181 2441 1273 2495 inficit.
1289 2469 1301 2490 ι
1315 2444 1434 2501 Minores

367 2538 422 2574 non
433 2521 879 2594 oportereumsgistratuepublice
921 2520 1015 2574 hostire
1033 2534 1108 2574 erunt
1130 2532 1232 2574 tantum
1250 2537 1381 2579 coronare
1400 2526 1433 2579 il·

367 2605 477 2672 pecunia
485 2603 602 2674 erogari,
615 2600 687 2674 quod
699 2604 726 2655 in
738 2602 821 2674 ipsius
832 2600 878 2654 do-
921 2595 971 2653 lius
983 2600 1027 2653 dei
1038 2599 1149 2666 fronde,
1163 2602 1209 2654 cui
1220 2620 1323 2656 eaerum
1341 2603 1432 2661 fiebat.

367 2699 440 2734 mum
450 2681 600 2734 rediturum
619 2694 706 2734 esset:
723 2693 878 2752 tentumque
920 2679 1012 2733 Hiar).

366 2759 492 2829 ponderis
502 2779 529 2812 so
543 2771 698 2815 testamento
715 2758 877 2812 adolescenti
963 2781 988 2812 s.
1003 2759 1084 2812 UrM.
1094 2761 1168 2813 Bruti
1176 2761 1352 2832 iul’lu‘lr‘ppier‘s
1363 2784 1429 2816 m·

365 2839 514 2910 legaturum
530 2839 654 2910 promisit
672 2857 677 2891 :
699 2852 727 2891 ut
744 2839 874 2891 bonorem
915 2839 1068 2908 pisepr'stolae
1076 2843 1225 2910 reperientur
1228 2842 1357 2907 frementes
1360 2843 1430 2912 fibe-

365 2917 480 2981 adure,
495 2921 608 2991 pretium
627 2930 732 2990 epatre
749 2919 875 2988 privatim
918 2919 1126 2984 deseribuntur,
1143 2932 1192 2972 ete.
1215 2920 1349 2992 Philam,
1372 2920 1429 2978 non

364 2999 505 3068 acciperet.
521 3024 533 3046 ι
546 2999 636 3052 Ηιιιο.
918 2998 1074 3069 Plr'dppr'cr's,
1087 2998 1116 3050 in
1127 3001 1282 3070 upogrnpbo
1288 3015 1389 3067 nostro,
1402 3017 1430 3058 et

405 3082 433 3132 6.
458 3078 569 3151 'Eamque
596 3097 706 3130 somnam
735 3088 874 3130 testamento
917 3078 1045 3148 aptiorem
1068 3077 1208 3132 lectionem
1231 3077 1353 3134 dommus
1371 3083 1427 3149 sre-

364 3159 421 3226 rer'p.
443 3157 538 3226 legavit.
560 3160 592 3211 In
605 3155 723 3221 eodem,
738 3182 748 3203 ι
762 3174 874 3227 eamque
917 3161 1002 3210 mauris
1015 3175 1094 3228 quem
1105 3158 1234 3224 frementes
1248 3179 1258 3211 .·
1278 3171 1308 3212 ut
1327 3161 1426 3214 relere-
1491 3191 1494 3194 ·

363 3253 487 3290 coronam
500 3255 530 3290 ex
543 3249 698 3290 testamento
713 3236 872 3306 populoso·
916 3248 961 3289 tur
978 3235 1012 3288 ad
1033 3237 1155 3289 Brutum.
1176 3238 1254 3292 Puer.
1273 3241 1426 3294 -Fr'bulas

362 3333 441 3368 meno
454 3318 565 3387 legarit,
583 3343 595 3364 ι
611 3316 757 3387 postposita
770 3333 873 3386 prepo-
916 3315 1176 3387 sutanumsegum,
1187 3317 1427 3391 sivecblsmydem‚

362 3395 465 3449 sitione.
483 3397 561 3448 Prur.
579 3429 617 3439 -
629 3396 785 3464 Proelegavr't.
802 3401 871 3448 Ante
915 3413 960 3448 seu
974 3413 1144 3467 quocumque
1156 3398 1264 3450 nornine
1276 3399 1331 3452 slio
1346 3401 1426 3453 resti·

361 3475 466 3541 omnia,
478 3489 503 3528 et
515 3476 603 3547 priore
615 3476 674 3527 loco
688 3475 798 3546 legerit:
811 3475 870 3537 vel,
915 3489 1033 3528 mentum
1054 3475 1169 3528 mititare
1187 3477 1316 3546 appellsri
1336 3479 1424 3544 lubet,

360 3553 482 3624 privatim
508 3554 612 3625 legavit.
635 3555 706 3606 Usus
731 3554 781 3607 heo
805 3572 870 3607 voce
914 3554 994 3607 fibula
1011 3554 1038 3607 in
1052 3554 1172 3608 humeris
1186 3556 1422 3629 nectebstrrulgo

360 3632 473 3700 Paulus,
485 3635 544 3706 Dig.
558 3635 604 3686 lib.
619 3635 721 3698 XXXI,
733 3633 772 3687 tit.
789 3651 813 3687 r.
829 3635 869 3686 De
912 3635 1037 3704 egnffem
1051 3632 1174 3686 dicimus.
1196 3634 1258 3688 Non
1278 3633 1348 3688 itt-d
1363 3638 1424 3707 qni·

360 3711 465 3783 legetis,
478 3714 540 3784 Lep.
558 3715 659 3782 11,t7.
673 3713 763 3766 Herio.
912 3711 974 3766 dem
995 3725 1040 3767 sut
1066 3712 1215 3766 nobilitatis
1236 3713 1351 3785 insigne,
1375 3730 1424 3770 sot
1532 3782 1534 3789 Ι

399 3793 461 3845 XIl.
475 3811 500 3845 ι.
516 3793 624 3863 Majores
635 3792 768 3844 dumtaxat.
781 3792 804 3844 E
818 3792 867 3844 bo·
913 3793 1077 3858 tribunatus,
1099 3806 1130 3846 ut
1148 3792 1306 3863 quibusdum
1334 3795 1421 3850 visum

359 3871 423 3923 bulo
449 3890 553 3942 genere.
576 3872 715 3932 Tibullus,
742 3871 791 3924 lib.
816 3871 866 3936 IV,
909 3885 964 3936 est,
981 3871 1027 3926 sed
1044 3873 1198 3925 necessitate
1208 3875 1420 3944 quesitumzor·

359 3951 450 4004 Curm.
462 3954 485 4016 1,
493 3971 520 4022 p.
530 3951 599 4006 388:
613 3950 866 4021 ·sempsriuaunro
909 3963 987 4004 natus
1002 3953 1100 4023 gretia,
1115 3965 1146 4005 ut
1160 3971 1192 4004 ex
1206 3965 1316 4024 urgento
1331 3954 1418 4019 toret,

359 4043 449 4085 taurus
466 4031 537 4085 cedit
556 4030 643 4084 hostie
660 4049 753 4084 cornu.
767 4054 780 4075 ι
798 4029 866 4082 Ter·
910 4029 952 4082 vel
973 4049 1050 4084 auro.
1078 4029 1260 4085 paludamenti
1284 4033 1338 4084 sive
1364 4034 1420 4103 sagi

356 4113 416 4171 rull.
433 4113 478 4168 lib.
493 4113 526 4166 de
540 4115 661 4174 Corone,
673 4129 695 4162 c.
705 4127 760 4162 rur:
773 4107 866 4175 «Tibi,
909 4109 1013 4162 iconem
1024 4128 1086 4163 enm
1099 4109 1181 4166 fibula
1193 4110 1256 4165 vide
1264 4109 1337 4181 opud
1352 4112 1418 4165 Fer·
