3100 5125
361 584 430 668 452
636 584 674 651 C.
701 584 866 652 PLINII
892 585 995 654 NAT.
1022 583 1148 651 HIST.

361 747 397 790 se
411 718 619 788 contrahens.
643 718 683 783 ln
704 742 834 786 summo
854 731 905 786 est
920 717 1081 812 quadriga
1102 741 1308 800 marmorea,
1329 743 1431 812 quam

361 827 441 895 fecit
457 808 612 918 Pythis¹³.
634 825 716 892 Haec
733 823 860 917 adjecta
879 838 1012 893 centum
1031 811 1282 918 quadraginta¹⁴
1307 823 1430 919 pedum

363 931 534 1002 altitudine
555 943 662 998 totum
678 955 762 1024 opus
782 929 929 999 includit.

313 1070 345 1103 ιο
415 1037 581 1107 Timothei
601 1061 709 1138 manu
724 1038 834 1106 Diana
853 1040 970 1106 Romae
988 1051 1037 1104 est
1057 1039 1091 1104 in
1109 1035 1250 1124 Palatio,
1269 1035 1432 1131 Apollinis

262 1215 265 1220 ,
363 1145 525 1230 delubro,
545 1145 598 1212 cui
616 1144 712 1236 signo
736 1158 838 1239 caput
857 1145 1006 1240 reposuit
1024 1141 1181 1212 dulanius
1205 1143 1371 1213 Evander.
1390 1147 1431 1212 In

364 1275 485 1347 magna
495 1249 713 1318 admiratione
721 1265 771 1319 est
780 1235 1270 1320 etHerculesMenestrati¹⁵:et
1278 1236 1431 1320 Hecate¹⁶

363 1359 486 1454 Ephesi
502 1358 536 1425 in
554 1353 679 1450 templo
698 1357 814 1426 Dianae
829 1372 905 1450 post
924 1355 1048 1439 aedem,
1067 1358 1101 1424 in
1117 1355 1211 1449 eujus
1225 1356 1430 1450 contempla-

364 1463 453 1534 tione
482 1462 663 1532 admonent
691 1462 802 1532 aeditui
829 1487 964 1556 parcere
985 1461 1106 1547 oculis,
1140 1477 1232 1532 tanta
1257 1467 1433 1532 marmoris

362 1571 502 1640 radiatio
516 1583 575 1638 est.
594 1569 673 1637 Non
688 1567 917 1662 postferuntur
934 1585 967 1638 et
982 1566 1161 1640 Charites¹⁷
1180 1571 1213 1637 in
1223 1555 1247 1592 ¹⁸
1262 1569 1432 1664 propylaeo

364 1676 632 1761 Atheniensium,
645 1699 727 1769 quas
739 1678 891 1745 Socrates
904 1674 1090 1764 lecit,alius
1103 1673 1157 1744 ille
1168 1674 1432 1770 qnanr¹⁹pictor:

405 1853 438 1906 13
450 1853 529 1921 Quam
535 1846 782 1919 secithtin‘s.lliIre
792 1889 800 1914 ,
811 1849 877 1903 scul-
919 1847 966 1902 lis:
978 1849 1045 1902 nihil
1060 1849 1259 1922 Dalecampius,
1271 1851 1317 1923 qui
1330 1853 1435 1922 praeivit

364 1946 434 2004 ptor.
448 1931 539 1985 liano.
919 1929 1026 1983 Allatio.
1038 1930 1130 1982 Haeo.

407 2018 450 2075 14.
466 2012 529 2062 Hac
550 2009 646 2078 edecta
662 2020 753 2060 eentum
773 2009 878 2080 quadra·
963 2009 1350 2082 15.Meaestmti.Mssiarparas
1361 2012 1435 2064 hune

363 2096 435 2162 ginta
454 2091 549 2155 pedam.
569 2089 658 2141 Ianam
677 2088 721 2141 hic
742 2101 878 2161 suspectus
919 2088 1148 2143 laudatTatianns
1160 2090 1188 2142 iu
1202 2090 1331 2144 Oratione
1341 2103 1435 2144 contra

364 2167 724 2241 consummabimus
745 2169 878 2221 inferioris
920 2169 1272 2240 Grecos,p.182.Hann.

327 2257 333 2270 '
365 2249 471 2304 aedilicii
492 2249 574 2302 luerit
588 2266 682 2300 xxxin
698 2247 798 2318 pedum
815 2267 877 2300 curu
964 2253 1007 2303 16.
1023 2249 1123 2302 Hecura.
1139 2249 1182 2303 Sic
1201 2261 1287 2321 poetae
1310 2251 1434 2312 Lunam,

366 2327 488 2394 dimidio,
512 2326 715 2401 pyramidisque
732 2346 781 2400 par
800 2328 877 2381 celsi·
920 2329 1122 2400 Proserpinam,
1143 2329 1254 2382 Dianam
1279 2331 1366 2400 ipsam
1387 2348 1435 2382 ro·

366 2424 422 2474 tas,
443 2427 570 2463 numerus
584 2408 607 2460 is
626 2407 777 2478 geminatus
797 2407 879 2460 eflicit
918 2421 990 2461 aaut.
1005 2408 1271 2462 litans—Hercules
1279 2410 1433 2462 Menestrati.

366 2488 449 2561 pedes
466 2507 544 2552 uxr,
565 2505 631 2558 quos
648 2486 719 2539 siah
736 2485 878 2540 altitudine
920 2487 983 2541 Non
1006 2497 1089 2542 exstat
1110 2488 1155 2542 ille
1177 2489 1321 2554 Hercules,
1343 2491 1433 2560 quiin

367 2571 448 2624 totius
461 2569 565 2642 operis,
576 2587 636 2639 quae
647 2566 698 2619 fuit
711 2586 762 2624 cre
776 2566 877 2639 pedum
920 2586 1014 2640 magna
1030 2568 1202 2622 admiratione
1218 2568 1278 2623 init.
1294 2571 1330 2623 At
1343 2572 1435 2623 limnae

366 2651 484 2712 auferas,
506 2649 643 2701 restabunt
661 2645 742 2718 pedes
766 2666 818 2701 axv
832 2649 879 2701 tri·
900 2648 949 2699 ‘in
964 2649 1061 2719 palatin
1081 2649 1102 2701 F
1104 2650 1241 2703 arnesiano
1256 2650 1351 2702 visitur
1369 2651 1436 2703 ller-

364 2728 466 2785 hnendi
487 2726 622 2799 quadrigas
634 2727 779 2798 impositae.
798 2740 824 2781 et
837 2728 877 2780 vi·
920 2728 993 2781 cules
1006 2728 1136 2801 Glyconis
1146 2730 1334 2794 Atheniensis,
1345 2732 1394 2801 qui
1410 2742 1435 2781 et

366 2810 434 2881 giuti
446 2808 572 2881 gradihus
591 2804 625 2861 ad
640 2806 787 2880 pyramidis
803 2806 878 2859 basin
920 2808 977 2877 ipse
986 2822 1025 2862 est
1035 2827 1136 2862 summa
1147 2808 1433 2881 admirationedignus,

365 2889 508 2943 collocatis.
517 2888 579 2941 Nou
591 2899 631 2940 est
641 2900 728 2941 autem
739 2887 878 2959 probabile
921 2900 948 2940 et
960 2889 1033 2941 inter
1040 2888 1259 2961 prestantissima
1270 2890 1434 2960 exemplaria

366 2967 536 3023 altitudinem
547 2980 645 3022 mntem
652 2966 733 3020 fuisse
744 2964 878 3038 quadrIge
921 2968 1016 3039 quibus
1026 2968 1153 3021 restitute
1163 2980 1226 3021 sunt
1236 2982 1321 3033 artes,
1332 2986 1434 3021 memo·

366 3060 394 3101 et
403 3048 543 3120 graduum.
559 3046 753 3100 Dan—Hac
766 3048 878 3115 affecta,
920 3046 1027 3101 raudus.
1049 3048 1173 3101 Intentus
1196 3048 1283 3101 estin
1310 3047 1435 3102 Thermis

367 3141 418 3182 etc.
447 3127 585 3182 Columnis
612 3126 751 3198 primam,
780 3126 878 3197 quihus
920 3127 1124 3191 Antoninianis,
1137 3127 1186 3180 sub
1201 3126 1434 3200 PauloIII,pon·

365 3228 435 3279 opus
449 3208 559 3261 interius
581 3207 739 3277 cingebatur
757 3203 879 3259 include·
920 3206 992 3259 tilice
1003 3208 1127 3259 maximo.
1142 3208 1227 3260 Bsor.

365 3288 514 3357 baturque,
527 3286 642 3341 altitudo
655 3286 722 3352 luit,
733 3297 766 3338 ut
789 3287 878 3356 oonje·
964 3304 1008 3355 17.
1026 3286 1145 3339 Charites.
1159 3285 1268 3339 Gratiis.
1280 3284 1374 3341 Haan.

366 3368 469 3431 cimus,
491 3366 590 3437 pedum
612 3379 642 3419 ut
663 3364 806 3417 minimum
832 3384 876 3418 nx.
965 3370 1010 3421 18.
1030 3366 1060 3417 Ia
1077 3366 1213 3436 propylaeo.
1236 3366 1314 3418 Areia
1335 3374 1435 3437 nemp'e

367 3446 451 3518 Operi
464 3445 562 3499 deinde
578 3446 619 3498 his
633 3445 758 3515 imposito
769 3462 816 3499 seu
830 3460 879 3515 py·
921 3445 1062 3499 vestibulo.
1078 3446 1169 3498 Hann.

366 3524 462 3580 ramidi
476 3525 623 3598 superiori,
642 3523 756 3577 altitudo
770 3524 879 3578 inferio·
965 3542 1008 3593 ¹9·
1023 3524 1097 3577 Alius
1110 3525 1152 3577 iiie
1163 3544 1233 3597 quana
1242 3528 1332 3595 pictor.
1350 3527 1390 3578 Ita
1402 3525 1434 3577 Ii·

365 3606 390 3658 ri
405 3625 470 3679 par,
484 3606 536 3659 hoc
555 3618 610 3670 est,
626 3622 694 3657 xxxv
713 3605 877 3661 cubitorum,
920 3604 963 3657 bri
975 3621 1079 3669 omues,
1096 3605 1176 3657 etiam
1189 3605 1266 3659 nss.
1283 3604 1339 3669 Qui
1352 3605 1434 3657 aliurn

365 3704 425 3751 seu,
438 3683 511 3757 quod
526 3683 599 3737 idem
611 3697 666 3749 est,
683 3682 783 3753 pedum
797 3700 838 3735 νη
853 3697 879 3736 et
921 3684 1105 3737 existimarunt
1119 3682 1253 3751 Socratem
1270 3685 1344 3736 hunc
1365 3704 1435 3749 esse,

364 3783 419 3819 xxx
432 3784 494 3819 curu
503 3764 625 3819 semisse:
636 3781 698 3815 nam
711 3764 817 3816 cubitus
831 3780 877 3833 pe·
921 3780 1001 3833 quam
1011 3764 1140 3835 pistorem
1149 3802 1158 3828 ,
1166 3760 1200 3815 de
1207 3763 1317 3835 qualib
1329 3764 1435 3827 XXIII,

365 3842 427 3898 dem
444 3863 505 3897 cum
520 3843 626 3896 semisse
641 3842 754 3895 obtinet.
768 3840 877 3895 Sunthi
922 3860 980 3913 cap.
1008 3850 1055 3907 ao,
1078 3842 1269 3914 philosophum
1294 3860 1356 3896 eum
1381 3862 1436 3895 esse

364 3921 446 3993 pedes
460 3925 542 3977 ferma
557 3936 672 3975 centum.
698 3922 788 3987 Quare
811 3940 878 3993 qua·
922 3934 1080 3976 censuerunt
1091 3923 1207 3976 Platonis
1219 3922 1386 3993 magistrum.
1396 3922 1435 3974 Ex

365 4000 616 4074 drigeniquadrigss
638 4020 699 4056 cum
720 4001 877 4073 triumphali
920 4002 1017 4055 horum
1036 4020 1149 4055 numero
1162 4002 1303 4056 Pausanias
1321 4002 1435 4064 exstitit,

364 4100 445 4134 curru
474 4096 505 4135 ut
535 4082 681 4152 plurimum
713 4082 874 4135 tribuentur.
921 4094 977 4134 tum
991 4081 1039 4135 lib.
1053 4084 1092 4135 IX
1100 4100 1148 4153 ,μ
1168 4082 1391 4153 596τΣωιιρᾶτης
1405 4077 1434 4133 tt

364 4161 441 4215 Nihil
456 4162 501 4215 hic
521 4160 633 4214 dilutius
654 4159 739 4226 vidit,
754 4162 781 4214 iu
805 4160 875 4213 libro
919 4164 931 4213 ὁ
946 4163 1112 4231 Σωφρονίσκου
1121 4164 1167 4232 πρὸ
1176 4165 1222 4221 ’τῆς
1235 4163 1259 4222 ἐς
1269 4166 1314 4217 τῆν
1328 4163 1434 4232 ἀκρόπο-

364 4240 501 4308 Philonis,
516 4238 550 4293 de
563 4254 661 4311 septem
678 4242 752 4294 orbis
762 4242 876 4293 miracu·
918 4248 955 4293 aaa
969 4238 1194 4311 ieidsu,xspiruv
1209 4241 1343 4311 ιίργάσατο
1356 4240 1435 4310 daal-
