3100 5125
278 593 281 597 ,
375 535 453 623 548.
644 535 684 605 C.
709 529 879 598 PLINII
903 526 1008 598 NAT.
1035 525 1163 594 illST.
1258 546 1261 550 ·

161 644 165 652 .
373 697 413 741 ex
432 645 531 764 gleba
539 653 563 698 ¹⁴
582 675 724 758 oportet
739 665 783 729 ln
804 656 897 728 Elide
919 657 1004 728 aedes
1026 672 1077 726 est
1104 657 1279 746 Minerva,
1305 661 1340 727 in
1365 683 1431 754 qua

374 775 476 845 irater
496 770 622 840 Phidia
641 770 803 836 Panaenus
824 765 998 833 tectorium
1024 762 1152 832 induxit
1173 761 1256 833 lacte
1277 779 1312 834 et
1330 791 1431 835 croco

374 881 563 959 subactum,
581 889 619 942 ut
636 860 747 942 ferunt
763 895 772 938 ε
791 868 930 963 ideoque
948 871 975 940 si
997 881 1124 937 teratur
1145 869 1178 936 in
1203 893 1242 938 ea
1267 869 1432 964 hodieque

373 984 475 1055 saliva
491 979 627 1074 pollice,
649 976 785 1046 odorem
806 977 895 1044 croci
913 997 1129 1069 saporemque
1144 972 1259 1042 reddit.

341 1119 354 1155 t
382 1154 388 1168 ,
429 1090 519 1158 LVI.
545 1083 718 1154 Columnae
740 1081 775 1148 in
794 1079 863 1149 aede
883 1079 1015 1148 densius
1035 1077 1169 1174 positae¹
1188 1081 1364 1150 crassiores
1380 1081 1431 1148 ri-

375 1195 505 1264 dentur.
524 1195 656 1262 Genera
671 1209 783 1255 earum
801 1199 944 1279 quatuor
952 1182 975 1251 ².
995 1185 1079 1272 Quae
1095 1197 1218 1252 sextam
1240 1199 1366 1278 partem
1383 1184 1431 1254 al-

376 1298 524 1370 titudinis
543 1298 578 1365 in
604 1291 818 1363 crassitudine
840 1292 906 1358 ima
926 1289 1068 1375 habent,
1092 1291 1224 1358 Doricae
1251 1304 1429 1359 vocantur:

376 1429 449 1498 quae
463 1425 603 1485 nonam,
617 1400 764 1468 Ionica:
781 1419 854 1489 qum
872 1396 1061 1489 septimam,
1076 1379 1294 1466 Tuscanicae'.
1312 1397 1430 1466 Corin-

375 1510 453 1579 thiis
473 1507 587 1576 eadem
607 1505 707 1588 ratio,
727 1526 801 1595 quae
818 1501 959 1570 Ionicis:
980 1513 1014 1568 et
1033 1488 1253 1578 differentia⁴,
1277 1502 1432 1596 quoniam

257 1630 261 1638 “
376 1611 527 1708 capitulis
541 1608 787 1682 Corinthiarum
806 1606 920 1675 eadem
937 1619 987 1675 est
1003 1602 1163 1688 altitudo,
1178 1629 1252 1699 quae
1270 1607 1433 1701 colligitur

376 1716 592 1790 crassitudine
621 1716 712 1783 ima:
733 1712 873 1804 ideoque
903 1708 1091 1804 graciliores
1118 1710 1300 1781 videntur:
1331 1713 1433 1782 lonici

343 1863 359 1899 a
378 1826 465 1895 enim
479 1818 614 1914 capituli
622 1816 771 1904 altitudo,
780 1817 876 1885 tertia
891 1839 967 1910 pars
983 1830 1033 1884 est
1049 1815 1279 1886 crassitudinis
1293 1819 1433 1911 Antiqua

379 1913 482 1997 ratio⁵
494 1941 566 1996 erat
581 1923 809 1994 columnarum
823 1919 1125 2005 altitudinis,tertia
1134 1946 1209 2015 pars
1225 1920 1433 1993 latitudinum

379 2033 518 2104 delubri.
534 2033 574 2100 In
584 2029 733 2124 Ephesia
749 2028 866 2096 Dianae
879 2026 965 2112 tede,
980 2026 1021 2095 de
1036 2049 1100 2119 qua
1109 2028 1200 2120 prius
1215 2013 1296 2096 fuit⁶
1311 2052 1434 2114 senno,

384 2140 528 2233 primum
556 2133 718 2204 columns
739 2133 835 2227 spirae
856 2130 994 2202 subdite
1002 2129 1027 2217 ⁷,
1054 2145 1089 2200 et
1116 2118 1280 2226 capitula⁸
1300 2133 1432 2203 addita:

426 2314 471 2371 ¹4·
494 2307 535 2360 Ee
553 2304 635 2376 gieio.
657 2305 749 2370 Quum
767 2304 797 2357 in
813 2303 891 2376 gleba
976 2305 1002 2368 d.
1017 2303 1053 2355 Et
1064 2301 1212 2370 diffareatio.
1225 2302 1379 2370 Vitruvius,
1391 2307 1435 2360 lib.

383 2401 430 2444 eat
442 2385 534 2440 Hono.
935 2383 1055 2453 1v,c·p.
1070 2400 1081 2434 1
1094 2400 1139 2452 ,μ
1152 2383 1203 2452 59n
1217 2409 1228 2431 ι
1236 2384 1322 2438 Iouini
1332 2386 1437 2456 capitoli

420 2464 498 2518 uvI.
518 2481 544 2516 ι.
560 2464 665 2515 Densiua
683 2466 780 2532 ponite.
800 2461 891 2525 Quum
935 2459 1059 2524 altitudo,
1073 2460 1147 2512 tertia
1160 2479 1220 2532 para
1232 2476 1271 2516 eat
1290 2465 1438 2518 erauitodi·

384 2543 519 2617 augustine
536 2553 576 2596 eet
594 2540 664 2595 inter
682 2541 820 2593 columnae
834 2556 892 2610 epa·
935 2541 977 2593 nie
990 2539 1292 2615 columnthorintlnii,
1304 2554 1362 2596 tota
1371 2561 1437 2599 eran·

384 2627 462 2679 tium
481 2622 586 2675 Tullius
601 2618 804 2672 intercolumnium
824 2636 893 2671 nun·
935 2616 1022 2673 titudo
1044 2619 1153 2689 scapi.»
1176 2620 1291 2693 Scapum
1311 2635 1438 2677 nostrates

386 2715 484 2775 eupat:
505 2700 591 2764 Galli,
613 2700 780 2770 l'enpuoemant
795 2698 836 2749 dea
851 2716 892 2749 eo·
934 2710 1045 2761 vocant,
1056 2698 1079 2748 le
1091 2698 1171 2765 ridde
1184 2700 1209 2751 Iu
1227 2700 1335 2755 wlffino.
1350 2700 1437 2753 llaau.

386 2784 476 2835 hm.
487 2778 579 2831 tanao.
976 2777 1003 2831 ⁵.
1017 2777 1126 2848 Antiqua
1137 2782 1207 2831 rutae.
1218 2780 1258 2831 De
1270 2798 1324 2851 qua
1333 2782 1438 2835 vitruv.

428 2880 454 2913 ι.
469 2858 565 2913 Germ
577 2854 891 2928 mquotuor.Vitruv.
935 2856 983 2909 lib.
996 2856 1047 2921 lv,
1060 2873 1118 2927 cop.
1132 2874 1160 2925 7,
1176 2876 1201 2928 p.
1216 2858 1262 2929 75.
1272 2858 1364 2912 ffim.

388 2938 435 2993 ld).
449 2940 501 3005 lv,
514 2955 572 3008 cap.
587 2954 663 3000 m,
676 2936 702 2990 3.
713 2936 778 2989 Tria
791 2946 893 2989 tentum
977 2938 1003 2988 6.
1021 2934 1117 3005 Dequo
1127 2941 1196 3008 priua
1209 2939 1264 3007 suit
1279 2958 1365 2993 um.
1377 2941 1438 3011 Cap.

388 3034 484 3089 genera
504 3014 823 3078 kmmaettlonieam,
840 3014 894 3066 Co·
937 3031 983 3067 ar.
995 3007 1085 3072 Haeo,

388 3096 514 3150 cinthium
524 3132 533 3157 ,
557 3093 690 3147 Doricam.
706 3095 775 3145 Dar..
793 3120 834 3135 -
845 3092 896 3147 Ge-
978 3112 1005 3161 7.
1019 3092 1098 3165 Spita
1105 3096 1214 3151 suatim
1228 3097 1312 3169 spira
1322 3111 1384 3153 aunt
1392 3096 1439 3151 tori

389 3195 448 3228 nera
456 3185 655 3245 nonunquam.
667 3171 791 3225 ’lotidem
803 3171 896 3224 Vitru-
939 3172 994 3225 aiae
1007 3176 1078 3228 anuli
1089 3175 1202 3237 barium
1212 3176 1258 3249 qui
1271 3178 1441 3247 serpentium,

390 3254 450 3306 aion
460 3265 610 3317 enumerat,
618 3251 668 3303 lib.
679 3250 730 3315 IV,
740 3268 799 3320 cap.
811 3252 844 3315 6,
855 3268 897 3302 ea·
940 3270 984 3303 eeu
999 3250 1068 3304 funis
1088 3251 1224 3309 convoluti
1243 3255 1439 3309 similitudinem

391 3346 491 3393 memo,
506 3350 566 3403 pag.
580 3332 627 3400 73.
643 3328 779 3383 Nostrates
789 3341 897 3393 roeant,
939 3329 1072 3386 referunt:
1083 3334 1274 3404 hramnus,
1289 3336 1441 3387 bonate

392 3410 601 3481 t'nundortqne,
617 3408 707 3461 t'ordn
719 3409 898 3479 ioniqued'om
941 3407 1014 3461 dalton
1036 3416 1077 3482 qui
1097 3426 1230 3483 wmpoaent
1248 3414 1274 3466 lu
1293 3414 1350 3466 bane
1368 3414 1398 3467 de
1417 3415 1441 3465 la

295 3488 299 3493 ’
315 3484 320 3493 ’
393 3492 437 3543 dre
449 3502 542 3551 tomen,
560 3487 650 3540 i'ordre
658 3488 798 3540 eorintlnien.
813 3486 898 3553 Quin·
941 3488 1048 3541 colem.
1063 3492 1102 3545 Ex
1121 3492 1163 3545 laia
1184 3504 1211 3545 et
1223 3493 1291 3547 basia
1305 3494 1361 3565 ipra
1375 3495 1442 3565 spira

318 3599 320 3602 ·
383 3582 451 3624 ‚tum
466 3567 606 3639 adjiciunt,
625 3586 657 3620 ex
672 3567 780 3630 lonico,
802 3564 898 3619 Corin·
942 3582 1119 3640 nuncupatur.
1137 3570 1245 3624 Fertur:
1261 3572 1358 3643 ·Spira
1380 3571 1443 3626 diei·

392 3648 502 3719 titioque
517 3645 719 3723 compositum,
737 3644 827 3697 l'ordn
839 3664 900 3697 com
942 3656 987 3699 tur
997 3647 1065 3701 basia
1076 3650 1206 3703 columne
1214 3688 1223 3715 ,
1231 3650 1309 3703 unios
1323 3651 1375 3703 tori
1383 3688 1391 3714 ‚
1400 3662 1444 3703 aut

391 3731 476 3799 ponito.
493 3726 583 3778 lino.
941 3721 1065 3779 duorum.
1078 3752 1090 3775 ι
1109 3727 1198 3783 llaan.

435 3807 462 3858 3.
475 3800 899 3866 Tuacnaieoe.Vitr·nviua,lib.1V,
982 3804 1009 3857 8.
1024 3806 1061 3857 Et
1073 3809 1186 3877 capitulo.
1198 3807 1234 3859 Le
1246 3808 1372 3877 chouno
1381 3807 1410 3859 da
1420 3808 1444 3859 lu

394 3902 455 3955 eap.
468 3902 496 3951 7,
506 3900 563 3955 pag.
576 3879 814 3951 75,deTuaeanica
822 3879 901 3933 ratio·
942 3882 1047 3939 colunne.
1062 3886 1096 3938 ll.
1112 3916 1151 3929 -
1173 3886 1296 3941 Columnis
1308 3886 1444 3956 spiracul-

395 3980 450 4015 ne:
467 3962 641 4023 ·Columna,
660 3959 764 4030 inquit,
781 3958 833 4015 sint
847 3960 900 4011 ima
943 3960 1014 4028 dito,
1033 3974 1057 4014 et
1070 3966 1178 4035 capitulo
1196 3965 1290 4017 addito.
1310 3966 1443 4017 Immerito

392 4036 901 4111 enauitudine,altitudiniapartenepti·
943 4039 984 4092 Cl.
998 4043 1110 4105 Aonian
1125 4043 1333 4097 vocabularium
1352 4043 1444 4096 Archi-

395 4136 449 4172 ω..
460 4145 472 4166 .
486 4116 574 4169 Hono.
943 4130 1065 4189 tectore,
1080 4138 1138 4193 pag.
1153 4124 1203 4187 83,
1216 4122 1330 4177 Plinium
1344 4121 1441 4193 arguit,
