<?xml version="1.0" encoding="UTF-8"?>
<!DOCTYPE html PUBLIC "-//W3C//DTD XHTML 1.0 Transitional//EN"
    "http://www.w3.org/TR/xhtml1/DTD/xhtml1-transitional.dtd">
<html xmlns="http://www.w3.org/1999/xhtml" xml:lang="en" lang="en">
 <head>
  <title>
</title>
<meta http-equiv="Content-Type" content="text/html;charset=utf-8" />
  <meta name='ocr-system' content='tesseract 3.04.00' />
  <meta name='ocr-capabilities' content='ocr_page ocr_carea ocr_par ocr_line ocrx_word'/>
</head>
<body>
  <div class='ocr_page' id='page_1' title='image "./caiipliniisecun00hardgoog_0579.png"; bbox 0 0 3100 5125; ppageno 0'>
   <div class='ocr_carea' id='block_1_1' title="bbox 486 537 1204 637">
    <p class='ocr_par' dir='ltr' id='par_1_1' title="bbox 486 537 1204 637">
     <span class='ocr_line' id='line_1_1' title="bbox 486 537 1204 637; baseline 0.006 -29"><span class='ocrx_word' id='word_1_1' title='bbox 486 541 639 609; x_wconf 76' lang='lat' dir='ltr'>mnan</span> <span class='ocrx_word' id='word_1_2' title='bbox 664 542 868 611; x_wconf 83' lang='lat' dir='ltr'>xxxvrr.</span> <span class='ocrx_word' id='word_1_3' title='bbox 1116 537 1204 637; x_wconf 71' lang='grc' dir='ltr'>ΙΙ57ι</span> 
     </span>
    </p>
   </div>
   <div class='ocr_carea' id='block_1_2' title="bbox 57 675 1357 2362">
    <p class='ocr_par' dir='ltr' id='par_1_2' title="bbox 57 675 1357 2362">
     <span class='ocr_line' id='line_1_2' title="bbox 145 675 1231 770; baseline 0 -26"><span class='ocrx_word' id='word_1_4' title='bbox 145 677 274 746; x_wconf 83' lang='lat' dir='ltr'>uiarum</span> <span class='ocrx_word' id='word_1_5' title='bbox 296 675 331 742; x_wconf 89' lang='lat' dir='ltr'>in</span> <span class='ocrx_word' id='word_1_6' title='bbox 351 695 474 768; x_wconf 81' lang='lat' dir='ltr'>magno</span> <span class='ocrx_word' id='word_1_7' title='bbox 492 688 622 743; x_wconf 81' lang='lat' dir='ltr'>terrore</span> <span class='ocrx_word' id='word_1_8' title='bbox 644 689 724 744; x_wconf 84' lang='lat' dir='ltr'>crat.</span> <span class='ocrx_word' id='word_1_9' title='bbox 749 678 919 770; x_wconf 81' lang='lat' dir='ltr'>Augustus</span> <span class='ocrx_word' id='word_1_10' title='bbox 936 689 1051 770; x_wconf 83' lang='lat' dir='ltr'>posteo</span> <span class='ocrx_word' id='word_1_11' title='bbox 1075 676 1117 744; x_wconf 84' lang='lat' dir='ltr'>ad</span> <span class='ocrx_word' id='word_1_12' title='bbox 1140 678 1231 770; x_wconf 14' lang='lat' dir='ltr'>evi-A</span> 
     </span>
     <span class='ocr_line' id='line_1_3' title="bbox 57 780 1207 877; baseline 0.001 -28"><span class='ocrx_word' id='word_1_13' title='bbox 57 868 60 873; x_wconf 15' lang='grc' dir='ltr'>ἱ</span> <span class='ocrx_word' id='word_1_14' title='bbox 144 780 246 849; x_wconf 88' lang='lat' dir='ltr'>tanda</span> <span class='ocrx_word' id='word_1_15' title='bbox 255 781 405 854; x_wconf 87' lang='lat' dir='ltr'>convicia</span> <span class='ocrx_word' id='word_1_16' title='bbox 417 780 885 875; x_wconf 78' lang='lat' dir='ltr'>sphingis,AlesandriMagni</span> <span class='ocrx_word' id='word_1_17' title='bbox 900 782 1042 876; x_wconf 85' lang='lat' dir='ltr'>imagine</span> <span class='ocrx_word' id='word_1_18' title='bbox 1054 783 1207 877; x_wconf 82' lang='lat' dir='ltr'>signavit.</span> 
     </span>
     <span class='ocr_line' id='line_1_4' title="bbox 204 886 1357 986; baseline 0.002 -30"><span class='ocrx_word' id='word_1_19' title='bbox 204 888 243 956; x_wconf 88' lang='lat' dir='ltr'>V.</span> <span class='ocrx_word' id='word_1_20' title='bbox 271 889 431 956; x_wconf 84' lang='lat' dir='ltr'>Gemmas</span> <span class='ocrx_word' id='word_1_21' title='bbox 450 886 577 980; x_wconf 86' lang='lat' dir='ltr'>plures,</span> <span class='ocrx_word' id='word_1_22' title='bbox 595 887 684 981; x_wconf 92' lang='lat' dir='ltr'>quod</span> <span class='ocrx_word' id='word_1_23' title='bbox 703 890 878 982; x_wconf 83' lang='lat' dir='ltr'>peregrino</span> <span class='ocrx_word' id='word_1_24' title='bbox 894 887 1060 982; x_wconf 86' lang='lat' dir='ltr'>appellunt</span> <span class='ocrx_word' id='word_1_25' title='bbox 1075 891 1209 958; x_wconf 84' lang='lat' dir='ltr'>nornine</span> <span class='ocrx_word' id='word_1_26' title='bbox 1230 923 1241 958; x_wconf 85' lang='grc' dir='ltr'><strong>ι</strong></span> <span class='ocrx_word' id='word_1_27' title='bbox 1355 981 1357 986; x_wconf 68' lang='lat'>,</span> 
     </span>
     <span class='ocr_line' id='line_1_5' title="bbox 143 991 1272 1089; baseline 0.002 -29"><span class='ocrx_word' id='word_1_28' title='bbox 143 991 436 1085; x_wconf 87' lang='lat' dir='ltr'>dactyliothecam¹</span> <span class='ocrx_word' id='word_1_29' title='bbox 440 1046 450 1081; x_wconf 87' lang='lat'>,</span> <span class='ocrx_word' id='word_1_30' title='bbox 468 995 593 1087; x_wconf 90' lang='lat' dir='ltr'>primus</span> <span class='ocrx_word' id='word_1_31' title='bbox 606 993 753 1062; x_wconf 89' lang='lat' dir='ltr'>omniurn</span> <span class='ocrx_word' id='word_1_32' title='bbox 772 994 890 1062; x_wconf 88' lang='lat' dir='ltr'>habuit</span> <span class='ocrx_word' id='word_1_33' title='bbox 906 997 1021 1062; x_wconf 84' lang='lat' dir='ltr'>Rornae</span> <span class='ocrx_word' id='word_1_34' title='bbox 1037 997 1208 1089; x_wconf 84' lang='lat' dir='ltr'>privignus</span> <span class='ocrx_word' id='word_1_35' title='bbox 1270 1057 1272 1062; x_wconf 83' lang='lat'>.</span> 
     </span>
     <span class='ocr_line' id='line_1_6' title="bbox 142 1096 1248 1221; baseline -0.002 -53"><span class='ocrx_word' id='word_1_36' title='bbox 142 1097 239 1192; x_wconf 81' lang='lat' dir='ltr'>Syllae</span> <span class='ocrx_word' id='word_1_37' title='bbox 256 1096 433 1170; x_wconf 35' lang='lat' dir='ltr'>Scaurus&amp;</span> <span class='ocrx_word' id='word_1_38' title='bbox 456 1100 589 1194; x_wconf 82' lang='lat' dir='ltr'>Diuque</span> <span class='ocrx_word' id='word_1_39' title='bbox 607 1098 698 1168; x_wconf 92' lang='lat' dir='ltr'>nulla</span> <span class='ocrx_word' id='word_1_40' title='bbox 720 1098 783 1167; x_wconf 86' lang='lat' dir='ltr'>alia</span> <span class='ocrx_word' id='word_1_41' title='bbox 806 1100 885 1185; x_wconf 86' lang='lat' dir='ltr'>fuit,</span> <span class='ocrx_word' id='word_1_42' title='bbox 902 1100 1009 1170; x_wconf 86' lang='lat' dir='ltr'>donec</span> <span class='ocrx_word' id='word_1_43' title='bbox 1031 1103 1208 1221; x_wconf 84' lang='lat' dir='ltr'>Pompeius</span> <span class='ocrx_word' id='word_1_44' title='bbox 1245 1139 1248 1152; x_wconf 60' lang='grc' dir='ltr'><strong>ι</strong></span> 
     </span>
     <span class='ocr_line' id='line_1_7' title="bbox 139 1205 1207 1300; baseline 0.001 -26"><span class='ocrx_word' id='word_1_45' title='bbox 139 1206 286 1299; x_wconf 82' lang='lat' dir='ltr'>Magnus</span> <span class='ocrx_word' id='word_1_46' title='bbox 306 1229 379 1273; x_wconf 84' lang='lat' dir='ltr'>eam</span> <span class='ocrx_word' id='word_1_47' title='bbox 396 1229 469 1299; x_wconf 74' lang='lat' dir='ltr'>quae</span> <span class='ocrx_word' id='word_1_48' title='bbox 490 1206 693 1275; x_wconf 84' lang='lat' dir='ltr'>Mithridatis</span> <span class='ocrx_word' id='word_1_49' title='bbox 713 1207 799 1300; x_wconf 81' lang='lat' dir='ltr'>regis</span> <span class='ocrx_word' id='word_1_50' title='bbox 820 1205 946 1290; x_wconf 88' lang='lat' dir='ltr'>fuerat,</span> <span class='ocrx_word' id='word_1_51' title='bbox 964 1208 1050 1274; x_wconf 88' lang='lat' dir='ltr'>inter</span> <span class='ocrx_word' id='word_1_52' title='bbox 1068 1207 1182 1276; x_wconf 91' lang='lat' dir='ltr'>dona</span> <span class='ocrx_word' id='word_1_53' title='bbox 1174 1232 1207 1275; x_wconf 87' lang='grc' dir='ltr'>ιιι</span> 
     </span>
     <span class='ocr_line' id='line_1_8' title="bbox 141 1309 1208 1406; baseline 0.002 -27"><span class='ocrx_word' id='word_1_54' title='bbox 141 1309 309 1406; x_wconf 81' lang='lat' dir='ltr'>Capitolio</span> <span class='ocrx_word' id='word_1_55' title='bbox 321 1310 466 1399; x_wconf 80' lang='lat' dir='ltr'>dicaret</span> <span class='ocrx_word' id='word_1_56' title='bbox 480 1325 518 1380; x_wconf 89' lang='lat' dir='ltr'>ut</span> <span class='ocrx_word' id='word_1_57' title='bbox 532 1314 582 1380; x_wconf 93' lang='lat' dir='ltr'>M</span> <span class='ocrx_word' id='word_1_58' title='bbox 598 1315 708 1380; x_wconf 86' lang='lat' dir='ltr'>Varro</span> <span class='ocrx_word' id='word_1_59' title='bbox 729 1310 851 1406; x_wconf 88' lang='lat' dir='ltr'>aliique</span> <span class='ocrx_word' id='word_1_60' title='bbox 871 1313 1016 1404; x_wconf 83' lang='lat' dir='ltr'>ejusdcm</span> <span class='ocrx_word' id='word_1_61' title='bbox 1031 1315 1134 1381; x_wconf 83' lang='lat' dir='ltr'>aetatis</span> <span class='ocrx_word' id='word_1_62' title='bbox 1151 1337 1208 1381; x_wconf 92' lang='lat' dir='ltr'>au·</span> 
     </span>
     <span class='ocr_line' id='line_1_9' title="bbox 138 1364 1207 1513; baseline 0 -27"><span class='ocrx_word' id='word_1_63' title='bbox 138 1431 248 1486; x_wconf 84' lang='lat' dir='ltr'>etores</span> <span class='ocrx_word' id='word_1_64' title='bbox 265 1364 481 1503; x_wconf 70' lang='lat' dir='ltr'>confirmi,</span> <span class='ocrx_word' id='word_1_65' title='bbox 498 1416 640 1486; x_wconf 90' lang='lat' dir='ltr'>multum</span> <span class='ocrx_word' id='word_1_66' title='bbox 655 1416 826 1513; x_wconf 82' lang='lat' dir='ltr'>praelatam</span> <span class='ocrx_word' id='word_1_67' title='bbox 841 1405 992 1488; x_wconf 42' lang='lat' dir='ltr'>Scauri&amp;</span> <span class='ocrx_word' id='word_1_68' title='bbox 1010 1422 1085 1487; x_wconf 90' lang='lat' dir='ltr'>Hoc</span> <span class='ocrx_word' id='word_1_69' title='bbox 1097 1442 1207 1487; x_wconf 83' lang='lat' dir='ltr'>exem</span> 
     </span>
     <span class='ocr_line' id='line_1_10' title="bbox 138 1520 1208 1654; baseline 0.002 -64"><span class='ocrx_word' id='word_1_70' title='bbox 138 1520 198 1616; x_wconf 89' lang='lat' dir='ltr'>plo</span> <span class='ocrx_word' id='word_1_71' title='bbox 212 1524 326 1592; x_wconf 82' lang='lat' dir='ltr'>Caesar</span> <span class='ocrx_word' id='word_1_72' title='bbox 336 1523 480 1592; x_wconf 89' lang='lat' dir='ltr'>dictator</span> <span class='ocrx_word' id='word_1_73' title='bbox 489 1549 546 1592; x_wconf 85' lang='lat' dir='ltr'>sex</span> <span class='ocrx_word' id='word_1_74' title='bbox 557 1523 832 1618; x_wconf 79' lang='lat' dir='ltr'>dactyliothecas</span> <span class='ocrx_word' id='word_1_75' title='bbox 824 1550 856 1593; x_wconf 86' lang='grc' dir='ltr'>ιιι</span> <span class='ocrx_word' id='word_1_76' title='bbox 865 1523 934 1620; x_wconf 82' lang='lat' dir='ltr'>aede</span> <span class='ocrx_word' id='word_1_77' title='bbox 945 1526 1085 1654; x_wconf 53' lang='lat' dir='ltr'>Vosneris</span> <span class='ocrx_word' id='word_1_78' title='bbox 1099 1528 1208 1594; x_wconf 87' lang='lat' dir='ltr'>Gene-</span> 
     </span>
     <span class='ocr_line' id='line_1_11' title="bbox 137 1615 1203 1724; baseline 0.003 -28"><span class='ocrx_word' id='word_1_79' title='bbox 137 1616 242 1698; x_wconf 84' lang='lat' dir='ltr'>tricis⁴</span> <span class='ocrx_word' id='word_1_80' title='bbox 257 1631 486 1698; x_wconf 85' lang='lat' dir='ltr'>consecravit:</span> <span class='ocrx_word' id='word_1_81' title='bbox 502 1630 681 1700; x_wconf 82' lang='lat' dir='ltr'><strong>Marcellus</strong></span> <span class='ocrx_word' id='word_1_82' title='bbox 694 1633 835 1700; x_wconf 85' lang='lat' dir='ltr'>Octavia</span> <span class='ocrx_word' id='word_1_83' title='bbox 851 1615 1002 1724; x_wconf 85' lang='lat' dir='ltr'>genitus⁵</span> <span class='ocrx_word' id='word_1_84' title='bbox 1012 1655 1046 1699; x_wconf 86' lang='lat' dir='ltr'>sn</span> <span class='ocrx_word' id='word_1_85' title='bbox 1056 1629 1203 1700; x_wconf 83' lang='lat' dir='ltr'>Palatina</span> 
     </span>
     <span class='ocr_line' id='line_1_12' title="bbox 137 1720 1277 1829; baseline 0.003 -27"><span class='ocrx_word' id='word_1_86' title='bbox 137 1733 301 1829; x_wconf 83' lang='lat' dir='ltr'>Apollinis</span> <span class='ocrx_word' id='word_1_87' title='bbox 319 1720 422 1804; x_wconf 83' lang='lat' dir='ltr'>cella⁶</span> <span class='ocrx_word' id='word_1_88' title='bbox 441 1760 552 1804; x_wconf 89' lang='lat' dir='ltr'>unam.</span> <span class='ocrx_word' id='word_1_89' title='bbox 1122 1755 1124 1766; x_wconf 81' lang='grc'>’</span> <span class='ocrx_word' id='word_1_90' title='bbox 1275 1730 1277 1738; x_wconf 65' lang='grc'>’</span> 
     </span>
     <span class='ocr_line' id='line_1_13' title="bbox 110 1840 1269 1938; baseline 0.003 -29"><span class='ocrx_word' id='word_1_91' title='bbox 110 1868 115 1897; x_wconf 68' lang='lat'><em>⁴</em></span> <span class='ocrx_word' id='word_1_92' title='bbox 189 1843 251 1910; x_wconf 90' lang='lat' dir='ltr'>Vl.</span> <span class='ocrx_word' id='word_1_93' title='bbox 272 1843 424 1912; x_wconf 85' lang='lat' dir='ltr'>Victoria</span> <span class='ocrx_word' id='word_1_94' title='bbox 439 1856 550 1912; x_wconf 85' lang='lat' dir='ltr'>tamen</span> <span class='ocrx_word' id='word_1_95' title='bbox 565 1840 620 1911; x_wconf 88' lang='lat' dir='ltr'>illa</span> <span class='ocrx_word' id='word_1_96' title='bbox 633 1844 782 1937; x_wconf 85' lang='lat' dir='ltr'>Pompeii</span> <span class='ocrx_word' id='word_1_97' title='bbox 799 1845 943 1937; x_wconf 89' lang='lat' dir='ltr'>primum</span> <span class='ocrx_word' id='word_1_98' title='bbox 958 1841 1000 1910; x_wconf 90' lang='lat' dir='ltr'>ad</span> <span class='ocrx_word' id='word_1_99' title='bbox 1013 1842 1206 1938; x_wconf 79' lang='lat' dir='ltr'>margaritas</span> <span class='ocrx_word' id='word_1_100' title='bbox 1226 1868 1238 1904; x_wconf 83' lang='grc' dir='ltr'><strong>ι</strong></span> <span class='ocrx_word' id='word_1_101' title='bbox 1267 1863 1269 1866; x_wconf 88' lang='grc'><strong><em>·</em></strong></span> 
     </span>
     <span class='ocr_line' id='line_1_14' title="bbox 135 1947 1204 2042; baseline 0.001 -27"><span class='ocrx_word' id='word_1_102' title='bbox 135 1969 352 2042; x_wconf 83' lang='lat' dir='ltr'>gemmasque</span> <span class='ocrx_word' id='word_1_103' title='bbox 373 1973 483 2018; x_wconf 87' lang='lat' dir='ltr'>mores</span> <span class='ocrx_word' id='word_1_104' title='bbox 505 1947 704 2018; x_wconf 85' lang='lat' dir='ltr'>inclinavit:</span> <span class='ocrx_word' id='word_1_105' title='bbox 726 1950 870 2018; x_wconf 88' lang='lat' dir='ltr'>sicutL.</span> <span class='ocrx_word' id='word_1_106' title='bbox 890 1947 1069 2041; x_wconf 90' lang='lat' dir='ltr'>Scipionis¹</span> <span class='ocrx_word' id='word_1_107' title='bbox 1089 1962 1123 2016; x_wconf 91' lang='lat' dir='ltr'>et</span> <span class='ocrx_word' id='word_1_108' title='bbox 1140 1951 1204 2018; x_wconf 92' lang='lat' dir='ltr'>Cn.</span> 
     </span>
     <span class='ocr_line' id='line_1_15' title="bbox 134 2051 1205 2185; baseline 0.002 -65"><span class='ocrx_word' id='word_1_109' title='bbox 134 2051 273 2143; x_wconf 87' lang='lat' dir='ltr'>Manlii²</span> <span class='ocrx_word' id='word_1_110' title='bbox 291 2053 333 2122; x_wconf 88' lang='lat' dir='ltr'>ad</span> <span class='ocrx_word' id='word_1_111' title='bbox 349 2053 501 2124; x_wconf 71' lang='lat' dir='ltr'>colatum</span> <span class='ocrx_word' id='word_1_112' title='bbox 523 2069 719 2185; x_wconf 85' lang='lat' dir='ltr'>argentum,</span> <span class='ocrx_word' id='word_1_113' title='bbox 738 2071 847 2124; x_wconf 83' lang='lat' dir='ltr'>vestes</span> <span class='ocrx_word' id='word_1_114' title='bbox 869 2052 1045 2142; x_wconf 83' lang='lat' dir='ltr'>Attalicas,</span> <span class='ocrx_word' id='word_1_115' title='bbox 1064 2052 1205 2123; x_wconf 91' lang='lat' dir='ltr'>triclinia</span> 
     </span>
     <span class='ocr_line' id='line_1_16' title="bbox 133 2147 1203 2254; baseline 0.003 -28"><span class='ocrx_word' id='word_1_116' title='bbox 133 2174 257 2228; x_wconf 75' lang='lat' dir='ltr'>aerata:</span> <span class='ocrx_word' id='word_1_117' title='bbox 276 2161 416 2229; x_wconf 88' lang='lat' dir='ltr'>sicutL.</span> <span class='ocrx_word' id='word_1_118' title='bbox 433 2147 619 2244; x_wconf 81' lang='lat' dir='ltr'>Mummii³,</span> <span class='ocrx_word' id='word_1_119' title='bbox 638 2161 680 2229; x_wconf 91' lang='lat' dir='ltr'>ad</span> <span class='ocrx_word' id='word_1_120' title='bbox 699 2162 872 2230; x_wconf 85' lang='lat' dir='ltr'>Corinthia</span> <span class='ocrx_word' id='word_1_121' title='bbox 889 2176 922 2228; x_wconf 90' lang='lat' dir='ltr'>et</span> <span class='ocrx_word' id='word_1_122' title='bbox 939 2160 1067 2230; x_wconf 89' lang='lat' dir='ltr'>tabulas</span> <span class='ocrx_word' id='word_1_123' title='bbox 1088 2161 1203 2254; x_wconf 86' lang='lat' dir='ltr'>pictas.</span> 
     </span>
     <span class='ocr_line' id='line_1_17' title="bbox 132 2255 1202 2362; baseline 0.004 -30"><span class='ocrx_word' id='word_1_124' title='bbox 132 2255 203 2350; x_wconf 84' lang='grc' dir='ltr'><strong>(ιι.)</strong></span> <span class='ocrx_word' id='word_1_125' title='bbox 216 2265 256 2334; x_wconf 93' lang='lat' dir='ltr'>Id</span> <span class='ocrx_word' id='word_1_126' title='bbox 268 2267 315 2334; x_wconf 89' lang='lat' dir='ltr'>uti</span> <span class='ocrx_word' id='word_1_127' title='bbox 332 2265 461 2360; x_wconf 82' lang='lat' dir='ltr'>planius</span> <span class='ocrx_word' id='word_1_128' title='bbox 478 2282 645 2354; x_wconf 86' lang='lat' dir='ltr'>noscatur,</span> <span class='ocrx_word' id='word_1_129' title='bbox 662 2267 765 2337; x_wconf 75' lang='lat' dir='ltr'>sorba</span> <span class='ocrx_word' id='word_1_130' title='bbox 776 2293 817 2336; x_wconf 84' lang='lat' dir='ltr'>cx</span> <span class='ocrx_word' id='word_1_131' title='bbox 828 2268 906 2362; x_wconf 88' lang='lat' dir='ltr'>ipsis</span> <span class='ocrx_word' id='word_1_132' title='bbox 922 2269 1072 2362; x_wconf 86' lang='lat' dir='ltr'>Pompeii</span> <span class='ocrx_word' id='word_1_133' title='bbox 1082 2269 1202 2336; x_wconf 89' lang='lat' dir='ltr'>trium·</span> 
     </span>
    </p>
   </div>
   <div class='ocr_carea' id='block_1_3' title="bbox 40 2439 1316 4263">
    <p class='ocr_par' dir='ltr' id='par_1_3' title="bbox 130 2439 1203 2593">
     <span class='ocr_line' id='line_1_18' title="bbox 132 2439 1203 2510; baseline 0.005 -19"><span class='ocrx_word' id='word_1_134' title='bbox 132 2439 212 2510; x_wconf 84' lang='lat' dir='ltr'>epist.</span> <span class='ocrx_word' id='word_1_135' title='bbox 233 2440 302 2506; x_wconf 81' lang='lat'>115,</span> <span class='ocrx_word' id='word_1_136' title='bbox 322 2439 356 2493; x_wconf 89' lang='lat' dir='ltr'>de</span> <span class='ocrx_word' id='word_1_137' title='bbox 370 2441 535 2495; x_wconf 78' lang='lat' dir='ltr'>Maecenate:</span> <span class='ocrx_word' id='word_1_138' title='bbox 552 2465 563 2486; x_wconf 77' lang='grc' dir='ltr'><strong>ι</strong></span> <span class='ocrx_word' id='word_1_139' title='bbox 577 2443 645 2496; x_wconf 85' lang='lat' dir='ltr'>Nam</span> <span class='ocrx_word' id='word_1_140' title='bbox 688 2441 756 2495; x_wconf 89' lang='lat' dir='ltr'>cello</span> <span class='ocrx_word' id='word_1_141' title='bbox 770 2442 848 2495; x_wconf 79' lang='lat' dir='ltr'>Maro</span> <span class='ocrx_word' id='word_1_142' title='bbox 864 2440 969 2494; x_wconf 84' lang='lat' dir='ltr'>AEneid.</span> <span class='ocrx_word' id='word_1_143' title='bbox 986 2441 1033 2494; x_wconf 91' lang='lat' dir='ltr'>lib.</span> <span class='ocrx_word' id='word_1_144' title='bbox 1048 2443 1110 2494; x_wconf 81' lang='lat' dir='ltr'>vl:</span> <span class='ocrx_word' id='word_1_145' title='bbox 1131 2467 1142 2489; x_wconf 76' lang='grc' dir='ltr'><strong>ι</strong></span> <span class='ocrx_word' id='word_1_146' title='bbox 1158 2443 1203 2496; x_wconf 79' lang='lat' dir='ltr'>Tu</span> 
     </span>
     <span class='ocr_line' id='line_1_19' title="bbox 130 2518 1045 2593; baseline 0.002 -20"><span class='ocrx_word' id='word_1_147' title='bbox 130 2519 215 2573; x_wconf 84' lang='lat' dir='ltr'>etiam</span> <span class='ocrx_word' id='word_1_148' title='bbox 228 2537 310 2589; x_wconf 86' lang='lat' dir='ltr'>quum</span> <span class='ocrx_word' id='word_1_149' title='bbox 322 2522 436 2575; x_wconf 88' lang='lat' dir='ltr'>absentis</span> <span class='ocrx_word' id='word_1_150' title='bbox 446 2523 556 2577; x_wconf 80' lang='lat' dir='ltr'>Caesaris</span> <span class='ocrx_word' id='word_1_151' title='bbox 566 2523 647 2593; x_wconf 87' lang='lat' dir='ltr'>parti·</span> <span class='ocrx_word' id='word_1_152' title='bbox 688 2521 830 2576; x_wconf 74' lang='lat' dir='ltr'>Marcellus</span> <span class='ocrx_word' id='word_1_153' title='bbox 843 2522 903 2575; x_wconf 86' lang='lat' dir='ltr'>eris.</span> <span class='ocrx_word' id='word_1_154' title='bbox 923 2547 934 2569; x_wconf 77' lang='grc' dir='ltr'><strong>ι</strong></span> <span class='ocrx_word' id='word_1_155' title='bbox 954 2518 1045 2575; x_wconf 81' lang='lat' dir='ltr'>Hanu.</span> 
     </span>
    </p>

    <p class='ocr_par' dir='ltr' id='par_1_4' title="bbox 128 2599 1203 3229">
     <span class='ocr_line' id='line_1_20' title="bbox 130 2599 1202 2675; baseline 0.005 -25"><span class='ocrx_word' id='word_1_156' title='bbox 130 2600 185 2651; x_wconf 88' lang='lat' dir='ltr'>bus</span> <span class='ocrx_word' id='word_1_157' title='bbox 196 2599 358 2667; x_wconf 75' lang='lat' dir='ltr'>iungeretur,</span> <span class='ocrx_word' id='word_1_158' title='bbox 371 2602 474 2673; x_wconf 80' lang='lat' dir='ltr'>siguum</span> <span class='ocrx_word' id='word_1_159' title='bbox 488 2621 503 2654; x_wconf 90' lang='lat' dir='ltr'>a</span> <span class='ocrx_word' id='word_1_160' title='bbox 516 2601 645 2656; x_wconf 85' lang='lat' dir='ltr'>discincto</span> <span class='ocrx_word' id='word_1_161' title='bbox 729 2606 756 2654; x_wconf 88' lang='lat'>6.</span> <span class='ocrx_word' id='word_1_162' title='bbox 786 2600 910 2672; x_wconf 81' lang='lat' dir='ltr'>Apollinis</span> <span class='ocrx_word' id='word_1_163' title='bbox 939 2602 1008 2653; x_wconf 79' lang='lat' dir='ltr'>cello.</span> <span class='ocrx_word' id='word_1_164' title='bbox 1040 2601 1113 2654; x_wconf 88' lang='lat' dir='ltr'>Cella</span> <span class='ocrx_word' id='word_1_165' title='bbox 1141 2619 1202 2675; x_wconf 85' lang='lat' dir='ltr'>pars</span> 
     </span>
     <span class='ocr_line' id='line_1_21' title="bbox 130 2678 1201 2751; baseline 0.001 -18"><span class='ocrx_word' id='word_1_166' title='bbox 130 2678 281 2749; x_wconf 77' lang='lat' dir='ltr'>petebatur.</span> <span class='ocrx_word' id='word_1_167' title='bbox 300 2706 312 2727; x_wconf 77' lang='grc' dir='ltr'><strong>ι</strong></span> <span class='ocrx_word' id='word_1_168' title='bbox 328 2681 432 2735; x_wconf 78' lang='lat' dir='ltr'>Danau.</span> <span class='ocrx_word' id='word_1_169' title='bbox 450 2712 491 2724; x_wconf 90' lang='lat'>-</span> <span class='ocrx_word' id='word_1_170' title='bbox 503 2682 645 2735; x_wconf 83' lang='lat' dir='ltr'>Moeeenotis</span> <span class='ocrx_word' id='word_1_171' title='bbox 687 2681 781 2751; x_wconf 86' lang='lat' dir='ltr'>templi</span> <span class='ocrx_word' id='word_1_172' title='bbox 796 2680 931 2744; x_wconf 75' lang='lat' dir='ltr'>sacratior,</span> <span class='ocrx_word' id='word_1_173' title='bbox 951 2682 978 2733; x_wconf 92' lang='lat' dir='ltr'>in</span> <span class='ocrx_word' id='word_1_174' title='bbox 997 2698 1077 2751; x_wconf 84' lang='lat' dir='ltr'>quam</span> <span class='ocrx_word' id='word_1_175' title='bbox 1095 2680 1201 2751; x_wconf 80' lang='lat' dir='ltr'>ingredi</span> 
     </span>
     <span class='ocr_line' id='line_1_22' title="bbox 131 2757 1203 2831; baseline 0.004 -22"><span class='ocrx_word' id='word_1_176' title='bbox 131 2776 206 2810; x_wconf 79' lang='lat' dir='ltr'>rano.</span> <span class='ocrx_word' id='word_1_177' title='bbox 217 2757 297 2823; x_wconf 90' lang='lat' dir='ltr'>Quod</span> <span class='ocrx_word' id='word_1_178' title='bbox 310 2760 339 2811; x_wconf 91' lang='lat' dir='ltr'>in</span> <span class='ocrx_word' id='word_1_179' title='bbox 354 2762 434 2813; x_wconf 88' lang='lat' dir='ltr'>anulo</span> <span class='ocrx_word' id='word_1_180' title='bbox 445 2761 549 2831; x_wconf 73' lang='lat' dir='ltr'>signnm</span> <span class='ocrx_word' id='word_1_181' title='bbox 562 2762 644 2816; x_wconf 88' lang='lat' dir='ltr'>babe·</span> <span class='ocrx_word' id='word_1_182' title='bbox 687 2761 760 2813; x_wconf 81' lang='lat' dir='ltr'>nefas</span> <span class='ocrx_word' id='word_1_183' title='bbox 774 2760 832 2814; x_wconf 82' lang='lat' dir='ltr'>luit.</span> <span class='ocrx_word' id='word_1_184' title='bbox 846 2760 888 2813; x_wconf 89' lang='lat' dir='ltr'>Sic</span> <span class='ocrx_word' id='word_1_185' title='bbox 902 2760 978 2813; x_wconf 87' lang='lat' dir='ltr'>MSS.</span> <span class='ocrx_word' id='word_1_186' title='bbox 991 2780 1062 2825; x_wconf 89' lang='lat' dir='ltr'>non,</span> <span class='ocrx_word' id='word_1_187' title='bbox 1076 2774 1106 2813; x_wconf 85' lang='lat' dir='ltr'>ut</span> <span class='ocrx_word' id='word_1_188' title='bbox 1119 2760 1203 2827; x_wconf 92' lang='lat' dir='ltr'>editi,</span> 
     </span>
     <span class='ocr_line' id='line_1_23' title="bbox 129 2836 1201 2912; baseline 0.005 -23"><span class='ocrx_word' id='word_1_189' title='bbox 129 2838 194 2900; x_wconf 80' lang='lat' dir='ltr'>bat,</span> <span class='ocrx_word' id='word_1_190' title='bbox 209 2836 237 2890; x_wconf 93' lang='lat' dir='ltr'>id</span> <span class='ocrx_word' id='word_1_191' title='bbox 247 2839 283 2891; x_wconf 91' lang='lat' dir='ltr'>ob</span> <span class='ocrx_word' id='word_1_192' title='bbox 297 2841 446 2893; x_wconf 78' lang='lat' dir='ltr'>exactiones</span> <span class='ocrx_word' id='word_1_193' title='bbox 459 2841 647 2912; x_wconf 86' lang='lat' dir='ltr'>pecuniarum,</span> <span class='ocrx_word' id='word_1_194' title='bbox 687 2840 812 2911; x_wconf 79' lang='lat' dir='ltr'>Apollinis</span> <span class='ocrx_word' id='word_1_195' title='bbox 822 2841 882 2893; x_wconf 78' lang='lat' dir='ltr'>oede.</span> <span class='ocrx_word' id='word_1_196' title='bbox 892 2840 954 2893; x_wconf 84' lang='lat' dir='ltr'>Fuit</span> <span class='ocrx_word' id='word_1_197' title='bbox 963 2852 1051 2893; x_wconf 88' lang='lat' dir='ltr'>autern</span> <span class='ocrx_word' id='word_1_198' title='bbox 1064 2840 1119 2894; x_wconf 74' lang='lat' dir='ltr'>bec</span> <span class='ocrx_word' id='word_1_199' title='bbox 1131 2838 1201 2894; x_wconf 74' lang='lat' dir='ltr'>aedes</span> 
     </span>
     <span class='ocr_line' id='line_1_24' title="bbox 129 2914 1199 2990; baseline 0.003 -22"><span class='ocrx_word' id='word_1_200' title='bbox 129 2935 193 2989; x_wconf 82' lang='lat' dir='ltr'>quse</span> <span class='ocrx_word' id='word_1_201' title='bbox 209 2918 321 2987; x_wconf 78' lang='lat' dir='ltr'>Augusti</span> <span class='ocrx_word' id='word_1_202' title='bbox 336 2920 445 2973; x_wconf 89' lang='lat' dir='ltr'>nomine</span> <span class='ocrx_word' id='word_1_203' title='bbox 463 2920 577 2985; x_wconf 80' lang='lat' dir='ltr'>fiebant,</span> <span class='ocrx_word' id='word_1_204' title='bbox 591 2914 645 2973; x_wconf 78' lang='lat' dir='ltr'>nra·</span> <span class='ocrx_word' id='word_1_205' title='bbox 687 2919 715 2973; x_wconf 89' lang='lat' dir='ltr'>in</span> <span class='ocrx_word' id='word_1_206' title='bbox 730 2920 848 2984; x_wconf 83' lang='lat' dir='ltr'>Palatio,</span> <span class='ocrx_word' id='word_1_207' title='bbox 863 2918 965 2972; x_wconf 85' lang='lat' dir='ltr'>decima</span> <span class='ocrx_word' id='word_1_208' title='bbox 977 2920 1060 2973; x_wconf 87' lang='lat' dir='ltr'>Urbis</span> <span class='ocrx_word' id='word_1_209' title='bbox 1073 2921 1199 2990; x_wconf 77' lang='lat' dir='ltr'>regione,</span> 
     </span>
     <span class='ocr_line' id='line_1_25' title="bbox 129 2996 1199 3070; baseline 0.003 -21"><span class='ocrx_word' id='word_1_210' title='bbox 129 3016 199 3068; x_wconf 76' lang='lat' dir='ltr'>gnos</span> <span class='ocrx_word' id='word_1_211' title='bbox 220 3010 334 3050; x_wconf 86' lang='lat' dir='ltr'>terrores</span> <span class='ocrx_word' id='word_1_212' title='bbox 356 2998 491 3070; x_wconf 75' lang='lat' dir='ltr'>ingerebat</span> <span class='ocrx_word' id='word_1_213' title='bbox 506 3020 514 3053; x_wconf 77' lang='grc' dir='ltr'><strong>ι</strong></span> <span class='ocrx_word' id='word_1_214' title='bbox 529 3001 644 3055; x_wconf 73' lang='lat' dir='ltr'>infausto</span> <span class='ocrx_word' id='word_1_215' title='bbox 687 2999 760 3052; x_wconf 89' lang='lat' dir='ltr'>unde</span> <span class='ocrx_word' id='word_1_216' title='bbox 780 2999 896 3053; x_wconf 82' lang='lat' dir='ltr'>Palatina</span> <span class='ocrx_word' id='word_1_217' title='bbox 918 2996 997 3052; x_wconf 87' lang='lat' dir='ltr'>dicta.</span> <span class='ocrx_word' id='word_1_218' title='bbox 1016 2999 1060 3052; x_wconf 88' lang='lat' dir='ltr'>Sic</span> <span class='ocrx_word' id='word_1_219' title='bbox 1080 3000 1199 3065; x_wconf 86' lang='lat' dir='ltr'>Gellius,</span> 
     </span>
     <span class='ocr_line' id='line_1_26' title="bbox 129 3076 1200 3151; baseline 0.003 -22"><span class='ocrx_word' id='word_1_220' title='bbox 129 3076 271 3129; x_wconf 86' lang='lat' dir='ltr'>enimvero</span> <span class='ocrx_word' id='word_1_221' title='bbox 292 3077 384 3130; x_wconf 87' lang='lat' dir='ltr'>omine</span> <span class='ocrx_word' id='word_1_222' title='bbox 402 3097 513 3133; x_wconf 86' lang='lat' dir='ltr'>coaxsre</span> <span class='ocrx_word' id='word_1_223' title='bbox 532 3098 563 3133; x_wconf 86' lang='lat' dir='ltr'>ea</span> <span class='ocrx_word' id='word_1_224' title='bbox 580 3099 644 3134; x_wconf 85' lang='lat' dir='ltr'>rana</span> <span class='ocrx_word' id='word_1_225' title='bbox 686 3080 735 3132; x_wconf 92' lang='lat' dir='ltr'>lib.</span> <span class='ocrx_word' id='word_1_226' title='bbox 746 3079 816 3143; x_wconf 89' lang='lat' dir='ltr'>Vll,</span> <span class='ocrx_word' id='word_1_227' title='bbox 837 3096 894 3151; x_wconf 81' lang='lat' dir='ltr'>cap.</span> <span class='ocrx_word' id='word_1_228' title='bbox 914 3097 939 3142; x_wconf 89' lang='lat'>1,</span> <span class='ocrx_word' id='word_1_229' title='bbox 962 3079 999 3131; x_wconf 85' lang='lat' dir='ltr'>ait</span> <span class='ocrx_word' id='word_1_230' title='bbox 1019 3104 1030 3126; x_wconf 81' lang='grc' dir='ltr'><strong>ι</strong></span> <span class='ocrx_word' id='word_1_231' title='bbox 1046 3078 1200 3150; x_wconf 83' lang='lat' dir='ltr'>Scipionem</span> 
     </span>
     <span class='ocr_line' id='line_1_27' title="bbox 128 3155 1201 3229; baseline 0.002 -20"><span class='ocrx_word' id='word_1_232' title='bbox 128 3157 288 3228; x_wconf 81' lang='lat' dir='ltr'>jactabatur.</span> <span class='ocrx_word' id='word_1_233' title='bbox 305 3155 397 3211; x_wconf 80' lang='lat' dir='ltr'>Hsso.</span> <span class='ocrx_word' id='word_1_234' title='bbox 654 3222 658 3229; x_wconf 26' lang='lat'>¹</span> <span class='ocrx_word' id='word_1_235' title='bbox 687 3159 844 3212; x_wconf 79' lang='lat' dir='ltr'>Africanum</span> <span class='ocrx_word' id='word_1_236' title='bbox 860 3158 1002 3213; x_wconf 84' lang='lat' dir='ltr'>solitavisse</span> <span class='ocrx_word' id='word_1_237' title='bbox 1015 3158 1100 3211; x_wconf 87' lang='lat' dir='ltr'>noctis</span> <span class='ocrx_word' id='word_1_238' title='bbox 1113 3170 1201 3211; x_wconf 86' lang='lat' dir='ltr'>extre-</span> 
     </span>
    </p>

    <p class='ocr_par' dir='ltr' id='par_1_5' title="bbox 129 3236 1316 3389">
     <span class='ocr_line' id='line_1_28' title="bbox 172 3236 1199 3310; baseline 0.004 -23"><span class='ocrx_word' id='word_1_239' title='bbox 172 3237 208 3289; x_wconf 85' lang='lat' dir='ltr'>V.</span> <span class='ocrx_word' id='word_1_240' title='bbox 230 3255 256 3289; x_wconf 88' lang='grc' dir='ltr'>ι.</span> <span class='ocrx_word' id='word_1_241' title='bbox 276 3236 493 3310; x_wconf 73' lang='lat' dir='ltr'>Dactyliothecam.</span> <span class='ocrx_word' id='word_1_242' title='bbox 510 3245 644 3294; x_wconf 65' lang='lat' dir='ltr'>Aeantio-</span> <span class='ocrx_word' id='word_1_243' title='bbox 685 3256 746 3303; x_wconf 89' lang='lat' dir='ltr'>mo,</span> <span class='ocrx_word' id='word_1_244' title='bbox 775 3239 849 3308; x_wconf 86' lang='lat' dir='ltr'>prius</span> <span class='ocrx_word' id='word_1_245' title='bbox 871 3256 950 3310; x_wconf 87' lang='lat' dir='ltr'>quam</span> <span class='ocrx_word' id='word_1_246' title='bbox 976 3236 1148 3303; x_wconf 83' lang='lat' dir='ltr'>diluculnret,</span> <span class='ocrx_word' id='word_1_247' title='bbox 1170 3238 1199 3291; x_wconf 90' lang='lat' dir='ltr'>in</span> 
     </span>
     <span class='ocr_line' id='line_1_29' title="bbox 129 3315 1316 3389; baseline 0.004 -22"><span class='ocrx_word' id='word_1_248' title='bbox 129 3315 222 3379; x_wconf 70' lang='grc' dir='ltr'><strong>θήκην,</strong></span> <span class='ocrx_word' id='word_1_249' title='bbox 237 3317 378 3369; x_wconf 86' lang='lat' dir='ltr'>anulorum</span> <span class='ocrx_word' id='word_1_250' title='bbox 396 3318 595 3388; x_wconf 86' lang='lat' dir='ltr'>repositorium.</span> <span class='ocrx_word' id='word_1_251' title='bbox 609 3318 643 3374; x_wconf 84' lang='grc' dir='ltr'><strong><em>Η.</em></strong></span> <span class='ocrx_word' id='word_1_252' title='bbox 687 3318 848 3389; x_wconf 84' lang='lat' dir='ltr'>Capitolium</span> <span class='ocrx_word' id='word_1_253' title='bbox 871 3318 1014 3382; x_wconf 79' lang='lat' dir='ltr'>ventitare,</span> <span class='ocrx_word' id='word_1_254' title='bbox 1045 3336 1076 3370; x_wconf 88' lang='lat' dir='ltr'>ac</span> <span class='ocrx_word' id='word_1_255' title='bbox 1104 3319 1200 3389; x_wconf 83' lang='lat' dir='ltr'>jubere</span> <span class='ocrx_word' id='word_1_256' title='bbox 1314 3370 1316 3377; x_wconf 88' lang='grc'><em>,</em></span> 
     </span>
    </p>

    <p class='ocr_par' dir='ltr' id='par_1_6' title="bbox 127 3394 1200 3547">
     <span class='ocr_line' id='line_1_30' title="bbox 174 3394 1200 3471; baseline 0.005 -26"><span class='ocrx_word' id='word_1_257' title='bbox 174 3413 202 3447; x_wconf 77' lang='lat' dir='ltr'>a.</span> <span class='ocrx_word' id='word_1_258' title='bbox 215 3394 330 3447; x_wconf 83' lang='lat' dir='ltr'>Scaurus.</span> <span class='ocrx_word' id='word_1_259' title='bbox 349 3394 445 3449; x_wconf 82' lang='lat' dir='ltr'>AEdilis</span> <span class='ocrx_word' id='word_1_260' title='bbox 460 3398 522 3460; x_wconf 88' lang='lat' dir='ltr'>ille,</span> <span class='ocrx_word' id='word_1_261' title='bbox 538 3397 572 3452; x_wconf 89' lang='lat' dir='ltr'>de</span> <span class='ocrx_word' id='word_1_262' title='bbox 587 3417 643 3471; x_wconf 91' lang='lat' dir='ltr'>quo</span> <span class='ocrx_word' id='word_1_263' title='bbox 687 3397 783 3467; x_wconf 86' lang='lat' dir='ltr'>aperiri</span> <span class='ocrx_word' id='word_1_264' title='bbox 803 3398 895 3450; x_wconf 81' lang='lat' dir='ltr'>cellam</span> <span class='ocrx_word' id='word_1_265' title='bbox 908 3398 998 3460; x_wconf 78' lang='lat' dir='ltr'>Iovis,</span> <span class='ocrx_word' id='word_1_266' title='bbox 1013 3408 1094 3468; x_wconf 88' lang='lat' dir='ltr'>atque</span> <span class='ocrx_word' id='word_1_267' title='bbox 1106 3397 1145 3451; x_wconf 92' lang='lat' dir='ltr'>ibi</span> <span class='ocrx_word' id='word_1_268' title='bbox 1156 3416 1200 3450; x_wconf 88' lang='lat' dir='ltr'>so·</span> 
     </span>
     <span class='ocr_line' id='line_1_31' title="bbox 127 3473 1200 3547; baseline 0.001 -19"><span class='ocrx_word' id='word_1_269' title='bbox 127 3473 180 3528; x_wconf 81' lang='lat' dir='ltr'>lib.</span> <span class='ocrx_word' id='word_1_270' title='bbox 194 3476 328 3539; x_wconf 80' lang='lat' dir='ltr'><strong>XXXVI,</strong></span> <span class='ocrx_word' id='word_1_271' title='bbox 343 3496 401 3547; x_wconf 87' lang='lat' dir='ltr'>uap.</span> <span class='ocrx_word' id='word_1_272' title='bbox 417 3482 463 3539; x_wconf 66' lang='lat'>24.</span> <span class='ocrx_word' id='word_1_273' title='bbox 477 3474 570 3532; x_wconf 72' lang='lat' dir='ltr'>uno.</span> <span class='ocrx_word' id='word_1_274' title='bbox 687 3477 742 3529; x_wconf 91' lang='lat' dir='ltr'>lum</span> <span class='ocrx_word' id='word_1_275' title='bbox 756 3475 805 3529; x_wconf 86' lang='lat' dir='ltr'>diu</span> <span class='ocrx_word' id='word_1_276' title='bbox 818 3476 965 3540; x_wconf 79' lang='lat' dir='ltr'>demorari,</span> <span class='ocrx_word' id='word_1_277' title='bbox 979 3477 1053 3547; x_wconf 88' lang='lat' dir='ltr'>quasi</span> <span class='ocrx_word' id='word_1_278' title='bbox 1066 3478 1200 3530; x_wconf 87' lang='lat' dir='ltr'>consulta·</span> 
     </span>
    </p>

    <p class='ocr_par' dir='ltr' id='par_1_7' title="bbox 127 3554 1200 3707">
     <span class='ocr_line' id='line_1_32' title="bbox 173 3554 1198 3627; baseline 0.001 -20"><span class='ocrx_word' id='word_1_279' title='bbox 173 3555 201 3607; x_wconf 79' lang='lat'>3.</span> <span class='ocrx_word' id='word_1_280' title='bbox 216 3554 321 3607; x_wconf 81' lang='lat' dir='ltr'>Multum</span> <span class='ocrx_word' id='word_1_281' title='bbox 328 3557 458 3627; x_wconf 68' lang='lat' dir='ltr'>prolatam</span> <span class='ocrx_word' id='word_1_282' title='bbox 468 3555 563 3609; x_wconf 79' lang='lat' dir='ltr'>Scauri.</span> <span class='ocrx_word' id='word_1_283' title='bbox 577 3558 645 3611; x_wconf 88' lang='lat' dir='ltr'>Snb·</span> <span class='ocrx_word' id='word_1_284' title='bbox 686 3568 776 3609; x_wconf 87' lang='lat' dir='ltr'>turum</span> <span class='ocrx_word' id='word_1_285' title='bbox 785 3555 818 3610; x_wconf 88' lang='lat' dir='ltr'>de</span> <span class='ocrx_word' id='word_1_286' title='bbox 826 3557 960 3627; x_wconf 83' lang='lat' dir='ltr'>republica</span> <span class='ocrx_word' id='word_1_287' title='bbox 970 3574 1031 3609; x_wconf 88' lang='lat' dir='ltr'>cum</span> <span class='ocrx_word' id='word_1_288' title='bbox 1038 3557 1055 3608; x_wconf 86' lang='lat' dir='ltr'>J</span> <span class='ocrx_word' id='word_1_289' title='bbox 1057 3572 1114 3622; x_wconf 83' lang='lat' dir='ltr'>ove,</span> <span class='ocrx_word' id='word_1_290' title='bbox 1124 3570 1173 3610; x_wconf 88' lang='lat' dir='ltr'>etc.</span> <span class='ocrx_word' id='word_1_291' title='bbox 1186 3574 1198 3600; x_wconf 72' lang='lat' dir='ltr'>a</span> 
     </span>
     <span class='ocr_line' id='line_1_33' title="bbox 127 3632 1200 3707; baseline 0.003 -23"><span class='ocrx_word' id='word_1_292' title='bbox 127 3632 265 3705; x_wconf 74' lang='lat' dir='ltr'>intellige,</span> <span class='ocrx_word' id='word_1_293' title='bbox 276 3634 485 3707; x_wconf 79' lang='lat' dir='ltr'>dactyliothecas.</span> <span class='ocrx_word' id='word_1_294' title='bbox 499 3634 592 3693; x_wconf 81' lang='lat' dir='ltr'>Hsau.</span> <span class='ocrx_word' id='word_1_295' title='bbox 727 3636 776 3689; x_wconf 89' lang='lat' dir='ltr'>VI.</span> <span class='ocrx_word' id='word_1_296' title='bbox 795 3655 819 3690; x_wconf 92' lang='lat' dir='ltr'>r.</span> <span class='ocrx_word' id='word_1_297' title='bbox 837 3637 867 3688; x_wconf 87' lang='lat' dir='ltr'>L.</span> <span class='ocrx_word' id='word_1_298' title='bbox 884 3635 1009 3706; x_wconf 75' lang='lat' dir='ltr'>Scipionis.</span> <span class='ocrx_word' id='word_1_299' title='bbox 1029 3636 1150 3701; x_wconf 78' lang='lat' dir='ltr'>Asiatici,</span> <span class='ocrx_word' id='word_1_300' title='bbox 1166 3632 1200 3688; x_wconf 89' lang='lat' dir='ltr'>de</span> 
     </span>
    </p>

    <p class='ocr_par' dir='ltr' id='par_1_8' title="bbox 127 3714 1199 3867">
     <span class='ocr_line' id='line_1_34' title="bbox 173 3714 1199 3787; baseline 0 -22"><span class='ocrx_word' id='word_1_301' title='bbox 173 3720 200 3777; x_wconf 73' lang='grc'><strong><em>4.</em></strong></span> <span class='ocrx_word' id='word_1_302' title='bbox 217 3714 248 3765; x_wconf 89' lang='lat' dir='ltr'>In</span> <span class='ocrx_word' id='word_1_303' title='bbox 263 3716 315 3767; x_wconf 77' lang='lat' dir='ltr'>ede</span> <span class='ocrx_word' id='word_1_304' title='bbox 329 3716 430 3769; x_wconf 84' lang='lat' dir='ltr'>Veneris</span> <span class='ocrx_word' id='word_1_305' title='bbox 447 3715 590 3771; x_wconf 74' lang='lat' dir='ltr'>Genetricis.</span> <span class='ocrx_word' id='word_1_306' title='bbox 610 3718 643 3771; x_wconf 90' lang='lat' dir='ltr'>In</span> <span class='ocrx_word' id='word_1_307' title='bbox 686 3734 741 3787; x_wconf 86' lang='lat' dir='ltr'>qno</span> <span class='ocrx_word' id='word_1_308' title='bbox 754 3716 802 3769; x_wconf 89' lang='lat' dir='ltr'>lib.</span> <span class='ocrx_word' id='word_1_309' title='bbox 816 3716 1021 3786; x_wconf 78' lang='lat' dir='ltr'>xxx111‚cap.</span> <span class='ocrx_word' id='word_1_310' title='bbox 1035 3715 1067 3769; x_wconf 79' lang='grc'>53</span> <span class='ocrx_word' id='word_1_311' title='bbox 1079 3752 1087 3777; x_wconf 89' lang='grc'><strong>,</strong></span> <span class='ocrx_word' id='word_1_312' title='bbox 1098 3729 1125 3769; x_wconf 91' lang='lat' dir='ltr'>et</span> <span class='ocrx_word' id='word_1_313' title='bbox 1135 3714 1199 3767; x_wconf 88' lang='lat' dir='ltr'>alibi</span> 
     </span>
     <span class='ocr_line' id='line_1_35' title="bbox 127 3790 895 3867; baseline 0.007 -24"><span class='ocrx_word' id='word_1_314' title='bbox 127 3791 198 3845; x_wconf 72' lang='lat' dir='ltr'>foro.</span> <span class='ocrx_word' id='word_1_315' title='bbox 215 3790 306 3847; x_wconf 80' lang='lat' dir='ltr'>liano.</span> <span class='ocrx_word' id='word_1_316' title='bbox 686 3795 790 3867; x_wconf 83' lang='lat' dir='ltr'>saepius.</span> <span class='ocrx_word' id='word_1_317' title='bbox 806 3792 895 3848; x_wconf 85' lang='lat' dir='ltr'>Hann.</span> 
     </span>
    </p>

    <p class='ocr_par' dir='ltr' id='par_1_9' title="bbox 127 3870 1237 4100">
     <span class='ocr_line' id='line_1_36' title="bbox 170 3870 1237 3944; baseline 0.002 -21"><span class='ocrx_word' id='word_1_318' title='bbox 170 3870 198 3923; x_wconf 76' lang='lat'>5.</span> <span class='ocrx_word' id='word_1_319' title='bbox 217 3872 322 3925; x_wconf 75' lang='lat' dir='ltr'>Oceania</span> <span class='ocrx_word' id='word_1_320' title='bbox 334 3878 439 3944; x_wconf 77' lang='lat' dir='ltr'>genitus.</span> <span class='ocrx_word' id='word_1_321' title='bbox 454 3875 515 3929; x_wconf 81' lang='lat' dir='ltr'>Fuit</span> <span class='ocrx_word' id='word_1_322' title='bbox 536 3894 566 3929; x_wconf 84' lang='lat' dir='ltr'>eo</span> <span class='ocrx_word' id='word_1_323' title='bbox 586 3878 644 3928; x_wconf 77' lang='lat' dir='ltr'>Au·</span> <span class='ocrx_word' id='word_1_324' title='bbox 729 3894 754 3928; x_wconf 83' lang='lat' dir='ltr'>a.</span> <span class='ocrx_word' id='word_1_325' title='bbox 770 3876 818 3930; x_wconf 85' lang='lat' dir='ltr'>Cn.</span> <span class='ocrx_word' id='word_1_326' title='bbox 831 3875 929 3929; x_wconf 81' lang='lat' dir='ltr'>Manlii.</span> <span class='ocrx_word' id='word_1_327' title='bbox 940 3877 980 3927; x_wconf 88' lang='lat' dir='ltr'>De</span> <span class='ocrx_word' id='word_1_328' title='bbox 991 3894 1023 3927; x_wconf 88' lang='lat' dir='ltr'>eo</span> <span class='ocrx_word' id='word_1_329' title='bbox 1033 3876 1051 3927; x_wconf 95' lang='lat' dir='ltr'>l.</span> <span class='ocrx_word' id='word_1_330' title='bbox 1067 3872 1198 3935; x_wconf 77' lang='lat' dir='ltr'>xxxiv,</span> <span class='ocrx_word' id='word_1_331' title='bbox 1235 3872 1237 3877; x_wconf 79' lang='grc'><strong>’</strong></span> 
     </span>
     <span class='ocr_line' id='line_1_37' title="bbox 127 3950 1201 4025; baseline 0 -21"><span class='ocrx_word' id='word_1_332' title='bbox 127 3950 201 4021; x_wconf 68' lang='lat' dir='ltr'>gusti</span> <span class='ocrx_word' id='word_1_333' title='bbox 212 3952 343 4024; x_wconf 87' lang='lat' dir='ltr'>principis</span> <span class='ocrx_word' id='word_1_334' title='bbox 354 3972 442 4020; x_wconf 84' lang='lat' dir='ltr'>soror,</span> <span class='ocrx_word' id='word_1_335' title='bbox 453 3962 527 4021; x_wconf 85' lang='lat' dir='ltr'>cujus</span> <span class='ocrx_word' id='word_1_336' title='bbox 538 3956 585 4008; x_wconf 93' lang='lat' dir='ltr'>ille</span> <span class='ocrx_word' id='word_1_337' title='bbox 596 3974 643 4008; x_wconf 89' lang='lat' dir='ltr'>no·</span> <span class='ocrx_word' id='word_1_338' title='bbox 685 3972 743 4025; x_wconf 83' lang='lat' dir='ltr'>cap.</span> <span class='ocrx_word' id='word_1_339' title='bbox 758 3957 786 4008; x_wconf 82' lang='grc'><strong><em>8.</em></strong></span> <span class='ocrx_word' id='word_1_340' title='bbox 799 3954 892 4006; x_wconf 76' lang='lat' dir='ltr'>Hans).</span> <span class='ocrx_word' id='word_1_341' title='bbox 903 3986 942 3997; x_wconf 93' lang='lat'>-</span> <span class='ocrx_word' id='word_1_342' title='bbox 955 3956 1047 4006; x_wconf 81' lang='lat' dir='ltr'>Vestes.</span> <span class='ocrx_word' id='word_1_343' title='bbox 1061 3955 1164 4007; x_wconf 77' lang='lat' dir='ltr'>beuter.</span> <span class='ocrx_word' id='word_1_344' title='bbox 1175 3964 1201 4005; x_wconf 87' lang='lat' dir='ltr'>et</span> 
     </span>
     <span class='ocr_line' id='line_1_38' title="bbox 129 4030 908 4100; baseline 0.005 -19"><span class='ocrx_word' id='word_1_345' title='bbox 129 4030 204 4082; x_wconf 82' lang='lat' dir='ltr'>mine</span> <span class='ocrx_word' id='word_1_346' title='bbox 235 4045 261 4084; x_wconf 89' lang='lat' dir='ltr'>et</span> <span class='ocrx_word' id='word_1_347' title='bbox 290 4033 477 4087; x_wconf 86' lang='lat' dir='ltr'>bibliothecam</span> <span class='ocrx_word' id='word_1_348' title='bbox 505 4034 642 4100; x_wconf 86' lang='lat' dir='ltr'>condidit,</span> <span class='ocrx_word' id='word_1_349' title='bbox 685 4046 776 4097; x_wconf 65' lang='lat' dir='ltr'>mites,</span> <span class='ocrx_word' id='word_1_350' title='bbox 790 4046 841 4087; x_wconf 86' lang='lat' dir='ltr'>etc.</span> <span class='ocrx_word' id='word_1_351' title='bbox 856 4034 908 4086; x_wconf 86' lang='lat' dir='ltr'>Eo.</span> 
     </span>
    </p>

    <p class='ocr_par' dir='ltr' id='par_1_10' title="bbox 40 4108 1200 4263">
     <span class='ocr_line' id='line_1_39' title="bbox 125 4108 1200 4185; baseline 0.006 -24"><span class='ocrx_word' id='word_1_352' title='bbox 125 4108 304 4164; x_wconf 76' lang='lat' dir='ltr'>Octavianam</span> <span class='ocrx_word' id='word_1_353' title='bbox 320 4114 488 4184; x_wconf 85' lang='lat' dir='ltr'>appellatam.</span> <span class='ocrx_word' id='word_1_354' title='bbox 507 4115 575 4179; x_wconf 89' lang='lat' dir='ltr'>Dio,-</span> <span class='ocrx_word' id='word_1_355' title='bbox 592 4114 640 4167; x_wconf 91' lang='lat' dir='ltr'>lib.</span> <span class='ocrx_word' id='word_1_356' title='bbox 728 4112 756 4164; x_wconf 83' lang='lat'>3.</span> <span class='ocrx_word' id='word_1_357' title='bbox 772 4113 803 4166; x_wconf 88' lang='lat' dir='ltr'>L.</span> <span class='ocrx_word' id='word_1_358' title='bbox 816 4113 935 4165; x_wconf 83' lang='lat' dir='ltr'>Mummii.</span> <span class='ocrx_word' id='word_1_359' title='bbox 949 4110 1060 4166; x_wconf 77' lang='lat' dir='ltr'>Achaici</span> <span class='ocrx_word' id='word_1_360' title='bbox 1068 4152 1075 4177; x_wconf 92' lang='lat'>,</span> <span class='ocrx_word' id='word_1_361' title='bbox 1088 4112 1134 4185; x_wconf 86' lang='lat' dir='ltr'>qni</span> <span class='ocrx_word' id='word_1_362' title='bbox 1149 4112 1200 4171; x_wconf 90' lang='lat' dir='ltr'>Co·</span> 
     </span>
     <span class='ocr_line' id='line_1_40' title="bbox 40 4188 1141 4263; baseline 0.005 -22"><span class='ocrx_word' id='word_1_363' title='bbox 40 4214 43 4220; x_wconf 57' lang='lat'><strong><em>¹</em></strong></span> <span class='ocrx_word' id='word_1_364' title='bbox 127 4188 238 4255; x_wconf 79' lang='lat' dir='ltr'>mx,</span> <span class='ocrx_word' id='word_1_365' title='bbox 263 4210 321 4263; x_wconf 69' lang='lat' dir='ltr'>pag.</span> <span class='ocrx_word' id='word_1_366' title='bbox 347 4199 411 4263; x_wconf 67' lang='lat'>417.</span> <span class='ocrx_word' id='word_1_367' title='bbox 437 4195 478 4247; x_wconf 88' lang='lat' dir='ltr'>De</span> <span class='ocrx_word' id='word_1_368' title='bbox 498 4194 550 4247; x_wconf 88' lang='lat' dir='ltr'>boc</span> <span class='ocrx_word' id='word_1_369' title='bbox 573 4195 644 4246; x_wconf 85' lang='lat' dir='ltr'>Mar·</span> <span class='ocrx_word' id='word_1_370' title='bbox 686 4192 806 4245; x_wconf 83' lang='lat' dir='ltr'>rintburu</span> <span class='ocrx_word' id='word_1_371' title='bbox 829 4192 916 4262; x_wconf 87' lang='lat' dir='ltr'>cepit,</span> <span class='ocrx_word' id='word_1_372' title='bbox 936 4210 1006 4245; x_wconf 88' lang='lat' dir='ltr'>anno</span> <span class='ocrx_word' id='word_1_373' title='bbox 1023 4196 1087 4248; x_wconf 83' lang='lat'><strong>608.</strong></span> <span class='ocrx_word' id='word_1_374' title='bbox 1107 4192 1141 4247; x_wconf 89' lang='grc' dir='ltr'>Η.</span> 
     </span>
    </p>
   </div>
   <div class='ocr_carea' id='block_1_4' title="bbox 0 0 1554 5125">
    <p class='ocr_par' dir='ltr' id='par_1_11' title="bbox 0 0 1554 5125">
     <span class='ocr_line' id='line_1_41' title="bbox 0 0 1554 5125; baseline 0 5"><span class='ocrx_word' id='word_1_375' title='bbox 0 0 1554 5125; x_wconf 95' lang='lat' dir='ltr'> </span> 
     </span>
    </p>
   </div>
  </div>
 </body>
</html>
