3100 5125
307 547 363 650 C.
400 545 639 652 PLiNII
672 545 1011 658 SECUNDI

128 801 674 961 ΝΑΤιιιιιιι
711 805 1183 934 ursacium

417 1067 609 1204 ιιιιιιι
643 1067 890 1157 xxxvl.

356 1309 964 1350 w*

123 1508 151 1582 l·
165 1495 223 1597 (ι)
243 1463 441 1579 Lirinus
456 1519 576 1575 natura
584 1519 702 1592 restat,
712 1503 778 1576 hoc
789 1519 856 1594 est,
871 1507 1036 1602 praecipua
1049 1533 1181 1582 morum
1204 1547 1214 1582 ι

124 1613 263 1696 insania3
286 1613 383 1681 ctiam
403 1625 443 1679 ut
463 1635 602 1705 gemmae
624 1637 701 1682 cum
723 1614 886 1698 succinis,
905 1628 1004 1708 atque
1025 1617 1182 1710 crystalli·

125 1716 202 1804 nis¹,
228 1717 472 1811 murrhinisque
490 1715 656 1786 sileantur.
671 1717 794 1788 Omnia
813 1742 974 1813 namque,
991 1744 1063 1814 quae
1081 1748 1185 1818 usque

123 1822 247 1893 adhoc
265 1822 422 1894 volumen
444 1823 675 1909 tractavimus,
692 1824 866 1894 hominum
886 1847 984 1894 causa
1005 1829 1114 1919 genita
1131 1831 1184 1899 vi-

123 1929 192 1997 deri
210 1944 359 2024 possunt
373 1931 508 1998 Montes
519 1943 639 1998 natura
655 1929 715 1998 sihi
730 1929 855 2000 fecerat
868 1929 910 2000 ad
923 1930 1083 2025 quasdam
1098 1957 1185 2004 com·

123 2059 222 2129 pages
229 2031 392 2105 'telluris
418 2035 598 2106 visceribus
618 2033 822 2122 densandas,
855 2035 952 2106 simul
972 2035 1052 2106 ad
1042 2055 1184 2159 impetus

124 2141 297 2210 fluminum
317 2130 501 2210 domandos
511 2140 728 2236 ,fluctusque
745 2090 968 2236 fratigendns,
988 2167 1028 2212 ac
1050 2146 1184 2216 minime

124 2247 248 2340 quietas
262 2261 374 2342 partes
388 2193 587 2316 coerceridas
605 2243 778 2316 durissima
790 2248 840 2316 sui
853 2249 1001 2317 materia.
1017 2249 1184 2321 Caedimus
1203 2289 1218 2322 2

125 2351 204 2440 hos,
222 2351 467 2448 trahimusque,
487 2349 578 2420 nulla
600 2349 682 2440 alia,
701 2377 801 2448 quam
825 2351 1035 2438 deliciarum,
1061 2377 1183 2443 causa,

125 2483 207 2552 quos
222 2461 462 2528 transcendisse
474 2482 607 2553 quoque
618 2460 740 2528 mirum
755 2457 827 2526 fuit.
849 2461 890 2526 in
906 2473 1060 2553 portento
1076 2485 1181 2555 pmpe

125 2566 264 2659 majores
272 2564 418 2635 habuere
427 2564 526 2660 Alpes
535 2564 578 2633 ab
592 2562 776 2634 Hannibale
787 2578 1014 2659 exsuperatas,
1025 2580 1059 2635 et
1069 2582 1183 2661 postea

125 2694 143 2739 a
159 2670 323 2742 Cimbris:
346 2696 436 2741 nunc
452 2674 532 2766 ipsae
549 2668 721 2740 cuduntur
742 2671 778 2740 in
798 2668 886 2741 mille
904 2696 1024 2765 genera
1044 2697 1185 2743 marmo-

125 2802 196 2845 rum
211 2803 220 2845 ι
236 2779 464 2872 promontoria
477 2777 671 2872 aperiuntur
684 2777 783 2859 mari,
800 2790 833 2845 et
845 2800 959 2845 rerum
980 2792 1097 2847 natura
1114 2781 1183 2874 agi·

124 2883 223 2952 turin
236 2882 386 3002 pianum..
395 2884 576 2952 Erchimus
590 2907 646 2969 ea,
659 2906 731 2978 qna
749 2882 940 2976 separandis
958 2884 1110 2980 gentibus
1121 2910 1184 2979 pro

124 3004 270 3059 terminis
282 2988 459 3059 constituta
467 3003 578 3059 erant
589 3013 755 3083 navesque
765 3013 970 3057 marmorum
980 3013 1079 3059 causa
1088 2990 1182 3060 fiunt

123 3119 161 3164 ac
187 3121 248 3190 per
267 3095 404 3176 fluetus,
423 3095 633 3165 sevissimam
660 3119 769 3163 rerum
798 3109 923 3163 naturae
948 3108 1094 3225 partem,
1117 3097 1185 3165 huc

124 3201 200 3272 iiiuc
234 3216 411 3297 portantur
440 3186 553 3297 juga³,
578 3200 703 3293 majore
730 3200 909 3269 etiamnum
935 3202 1056 3283 venia,
1083 3224 1182 3295 quam

124 3332 225 3403 quum
248 3306 290 3376 ad
311 3304 449 3404 frigidos
469 3321 568 3401 potus
593 3330 651 3375 vas
672 3306 795 3402 petitur
818 3304 851 3374 in
873 3292 1007 3375 nubila⁴
1007 3304 1182 3402 ,caeloque

160 3456 229 3510 Lx.
243 3455 407 3527 crystallinis.
417 3454 538 3507 Gronov.
548 3452 656 3506 etat
713 3456 740 3516 d.
761 3452 842 3520 Quam
858 3470 928 3523 quum
949 3450 1101 3523 adfrigidos
1111 3468 1183 3526 potus

124 3546 222 3609 atquae
208 3535 382 3605 crystallinus
397 3534 531 3606 rrynhiau.
542 3534 593 3586 En.
672 3548 718 3583 cm
727 3530 823 3601 peritur·
839 3536 864 3583 r'n
885 3530 976 3587 nubila.
1001 3532 1059 3587 Etsi
1086 3534 1183 3589 mirum

164 3614 502 3685 swddqmsdammpuga
507 3610 629 3684 Adqnat·
674 3630 757 3683 genus
769 3608 896 3679 loquendi
910 3611 1047 3673 videatur,
1059 3622 1185 3666 tamenet

123 3690 183 3746 dam
198 3707 276 3748 terra
295 3704 400 3765 punct,
421 3692 630 3764 quibusoam
672 3691 710 3744 sic
725 3689 772 3745 lib.
785 3688 840 3752 IX,
854 3708 911 3762 cap.
923 3690 979 3747 35·
990 3686 1183 3745 Indicusma·

122 3774 357 3846 compaginantur,
368 3772 396 3824 in
408 3772 549 3826 telluris'
522 3770 631 3825 vscert·
673 3770 745 3825 xime
756 3772 804 3824 has
812 3768 893 3824 mittit
904 3778 1030 3826 Oceanus.
1042 3766 1115 3825 Inter
1126 3770 1183 3825 illas

123 3855 170 3907 bus
178 3849 587 3927 comprimendasacdcnsandas.
594 3848 629 3903 Η.
673 3850 774 3904 beilum
791 3850 855 3903 tales
869 3863 1021 3923 tantusque,
1039 3868 1103 3922 quas
1116 3844 1184 3903 dixi-

161 3932 188 3987 3.
202 3934 418 4004 Portantmjngc,
431 3944 484 3984 etc.
499 3930 587 3984 Gran.
603 3942 630 3983 et
674 3946 734 3983 mus
740 3928 1117 4002 ,pertctmariarenientcs,
1131 3942 1183 3983 tam

123 4011 166 4065 Al.
180 4026 241 4067 ante
253 4012 410 4067 Ηιιιᾶιιὶιι.ι
398 4022 555 4083 «portantur
567 4012 629 4081 juga
672 4010 893 4081 longoremrum
903 4020 1002 4073 tractu,
1009 4004 1185 4063 etantissolis
1263 4022 1268 4030 '

123 4094 252 4146 montium
260 4095 389 4165 ,majore
406 4090 486 4145 etism
508 4090 629 4155 vesania,
672 4086 830 4154 ardoribus,
845 4100 924 4161 atque
940 4047 1013 4142 Indis
1033 4106 1141 4161 qnoque
1158 4090 1185 4143 in
1286 4120 1289 4127 ·

125 4183 199 4225 ete.-
213 4172 266 4226 En.
673 4168 924 4241 inmlnspetnntnr:
934 4164 1188 4241 etadmodumpau·
