3100 5125
374 510 462 609 576,
640 517 683 584 c.
709 514 885 584 aurun
908 515 1016 590 nar.
1044 516 1168 584 msc.

372 648 455 717 vidit
467 661 546 716 tunc
559 645 797 716 annumerari¹⁰
813 648 909 718 unius
922 648 1038 743 scyphi
1055 649 1160 718 fracta
1173 650 1322 720 membra
1337 680 1345 722 :
1366 677 1441 747 qua

371 757 406 823 in
432 750 624 841 dolorem¹¹‚
644 752 764 838 credo,
783 751 894 822 saeculi
920 754 1145 848 invidiamque
1170 754 1334 842 fortunar,
1354 773 1440 828 tam·

371 885 470 954 quam
484 846 688 928 Alclandti'¹
705 860 820 954 Magni
835 884 975 954 corpus,
994 863 1027 929 in
1041 861 1226 931 conditorio
1244 867 1388 952 servari,
1401 881 1441 934 ut

293 1026 298 1032 .
336 977 635 1047 restaurarentur,
659 964 819 1058 placebat.
841 968 878 1032 T.
900 968 1074 1037 Petronius
1085 953 1108 991 ¹³
1130 968 1312 1038 consularis
1332 961 1434 1039 mori-

351 1087 481 1156 turus,
501 1070 622 1152 invidia
641 1070 782 1140 Neronis
801 1071 977 1166 principis,
994 1087 1031 1141 ut
1045 1097 1191 1142 mensam
1209 1075 1280 1167 ejus
1298 1077 1439 1146 exhere-

371 1163 511 1265 daret¹⁴,
532 1162 698 1246 trullam¹⁵
715 1177 921 1247 murrhinam
940 1184 1094 1251 trecentis
1110 1167 1270 1248 talentis¹⁶
1292 1197 1439 1276 emptam

374 1402 386 1425 ι
397 1375 461 1427 Mox
471 1386 497 1427 et
504 1374 560 1445 ipse
570 1373 703 1444 aurigare,
713 1387 792 1446 atquc
803 1373 884 1427 etiarn
928 1375 1020 1427 conrul
1033 1373 1179 1444 Bithyniae,
1189 1377 1369 1440 mortennani,
1379 1374 1441 1429 dein

369 1453 483 1526 spectari
503 1453 597 1524 asapius
619 1452 722 1506 voluit:
744 1453 883 1526 positoque
927 1451 1062 1506 revolutus
1085 1453 1119 1506 ad
1141 1453 1220 1517 vitia,
1241 1473 1287 1507 reu
1315 1455 1439 1508 vitiorum

369 1536 398 1588 in
418 1534 517 1597 hortis,
532 1535 602 1585 inter
618 1533 737 1596 servitia,
755 1544 782 1585 et
801 1533 884 1586 sordi·
927 1532 1119 1597 imitationem,
1135 1533 1315 1603 interpaucor
1330 1535 1441 1588 semilia-

370 1612 431 1667 dnm
446 1613 550 1684 plebem
560 1609 731 1680 rudimento,
745 1611 884 1666 universo·
926 1614 995 1666 rium
1011 1626 1157 1684 assumptus
1177 1631 1192 1665 a
1207 1611 1316 1666 Nerone
1334 1613 1439 1668 dicitur.

371 1712 431 1746 rum
457 1711 484 1745 ae
511 1691 594 1746 oculis
615 1691 643 1743 in
670 1691 741 1744 circo
764 1693 883 1744 maximo
927 1692 960 1745 Et
978 1711 1037 1763 pag.
1064 1711 1117 1762 27²
1135 1712 1141 1742 :
1158 1712 1169 1733 ι
1187 1692 1296 1763 Flagitia
1312 1693 1439 1765 principia

370 1773 493 1844 praebuit.
505 1798 516 1818 ι
528 1771 562 1823 Et
575 1783 757 1823 anteactum:
769 1797 780 1817 ι
792 1772 882 1836 Quum
925 1773 975 1825 sub
985 1773 1138 1825 nominibus
1151 1772 1315 1826 exoletorum
1330 1774 1438 1826 femina·

370 1852 459 1922 magni
469 1851 608 1904 estimaret
614 1863 729 1914 cantare,
742 1851 821 1903 etium
833 1852 885 1903 llo·
926 1869 1053 1922 rumque,
1071 1863 1097 1904 et
1116 1851 1231 1904 novitate
1247 1856 1378 1924 cujusque
1390 1867 1440 1906 stu-

371 1951 421 1984 mn
438 1931 591 1984 Neroneum
606 1949 691 1999 agona
707 1942 770 1982 ante
785 1930 884 2001 prusti·
927 1932 970 2000 pri
1003 1931 1173 2001 perscripsit,
1200 1944 1279 2002 atque
1304 1933 1439 2003 obsignata

371 2022 425 2064 tum
440 2010 512 2064 diem
524 2010 665 2069 ‚revocarit
675 2027 682 2060 :
693 2008 884 2079 flagitantibus·
920 2011 998 2070 ,misit
1014 2010 1132 2072 Neroni,
1145 2024 1196 2064 etc.
1209 2036 1220 2056 ι
1235 2012 1342 2076 Quibus
1355 2012 1439 2065 verbis

371 2108 424 2162 qne
443 2091 544 2143 cunctis
563 2088 694 2141 calestem
716 2104 824 2154 vocent,
845 2109 885 2143 re·
926 2109 994 2160 opus
1007 2088 1074 2142 illud
1084 2089 1179 2160 signari
1192 2089 1299 2160 quidam
1313 2093 1441 2144 arbitran-

370 2168 478 2245 spondit
489 2167 596 2240 quidem
608 2167 767 2220 inhortisse
779 2169 883 2240 copiam
926 2182 980 2236 tur,
999 2167 1073 2239 quod
1091 2169 1207 2222 Petronii
1225 2169 1328 2222 Arbitri
1345 2171 1440 2240 Satyri-

372 2249 523 2303 volentibua
538 2249 679 2300 lucturum.
692 2273 704 2294 s
722 2245 813 2298 liano.
926 2267 977 2302 con
999 2248 1148 2319 appellatur
1169 2269 1175 2300 r
1196 2249 1295 2320 quibus
1313 2268 1369 2303 non
1392 2268 1439 2321 ego

415 2346 457 2381 ro.
470 2330 522 2398 Qui
528 2329 593 2379 uidit
604 2332 829 2380 tuncunnumerari.
840 2327 884 2380 Sic
926 2327 1059 2382 credulus.
1074 2328 1166 2382 Hanu.

351 2419 399 2463 ‘et
416 2407 480 2460 edit.
501 2406 641 2479 princeps;
659 2408 735 2460 Brut.
754 2425 786 2458 ex
803 2409 884 2477 augg.
970 2414 1013 2471 14.
1024 2407 1197 2460 Exherednret.
1207 2407 1308 2460 Heredi
1315 2409 1438 2461 auferret.

371 2485 452 2539 codd.
470 2508 501 2552 a,
517 2486 549 2552 3,
564 2485 596 2552 5,
608 2486 663 2538 uidi
676 2498 731 2538 tunc
741 2505 884 2540 annumera-
927 2488 962 2539 Η.
975 2487 1194 2540 -Eetnndmt
1207 2487 1245 2539 Ut
1256 2488 1364 2540 trullam
1373 2488 1439 2542 banc

371 2571 403 2621 ri.
415 2568 468 2620 En.
928 2584 1024 2619 menan
1041 2568 1170 2637 principia
1180 2568 1306 2621 auferret.
1318 2569 1371 2621 Eu.

415 2663 459 2702 rr.
474 2647 504 2699 In
521 2646 634 2698 dolorem.
650 2646 689 2697 Ut
703 2642 806 2699 doleret
821 2665 887 2716 pra-¹
971 2648 1015 2699 15.
1031 2648 1440 2718 Trullam.Trullamgloaa21e'p·

370 2745 430 2781 sens
444 2726 586 2790 saeculum,
600 2723 787 2795 inrideretque
802 2724 886 2779 fortu-
926 2723 991 2779 νιΰον
1005 2738 1030 2776 et
1042 2727 1207 2795 oquiminnle,
1222 2744 1271 2779 seu
1284 2728 1437 2798 pullnbrum

371 2825 412 2859 nte
425 2805 569 2876 superioris
585 2805 674 2857 aetatis.
689 2802 775 2857 llann.
796 2826 797 2829 ¹
927 2804 1146 2875 interpretantur,
1156 2826 1188 2859 nn
1201 2806 1281 2857 bassin
1292 2808 1308 2858 i
1319 2808 1392 2859 laver.
1406 2806 1437 2859 ll.

415 2903 457 2937 ra.
470 2882 884 2954 Alexandri-lllngnirtlexandri
969 2887 1009 2937 16.
1028 2886 1149 2937 Trecentis
1170 2886 1275 2939 talentis.
1299 2886 1344 2937 Sic
1362 2886 1437 2939 tiss.

372 2965 508 3018 thoracem
533 2963 677 3035 repetitum
700 2982 715 3015 a
730 2963 849 3033 Caligula
869 2982 884 3017 a
927 2982 1028 3017 omnes.
1038 2964 1126 3018 Attica
1138 2966 1233 3017 talenta
1248 2965 1348 3037 ubique
1361 2965 1438 3018 inter·

371 3043 522 3098 conditorio
536 3045 606 3113 ejus,
622 3068 633 3089 ι
646 3042 886 3113 acribitTranquil·
926 3056 1052 3114 pretatur.
1073 3044 1151 3097 Libri
1170 3045 1297 3097 hactenus
1315 3043 1395 3109 editi,
1412 3056 1438 3097 et

371 3124 428 3191 lus,
446 3142 506 3194 cap.
520 3141 579 3189 ιιι,
595 3122 624 3173 in
639 3122 714 3175 Caio.
734 3122 795 3175 Fuit
815 3120 883 3175 illud
926 3123 978 3176 hoc
993 3122 1069 3187 loco,
1082 3136 1108 3177 et
1120 3142 1151 3177 eo
1163 3126 1209 3194 qui
1224 3124 1438 3195 proximesequi·

372 3202 553 3265 Alexandriae,
572 3220 681 3254 aureum
701 3200 809 3272 primo,
823 3220 883 3254 mox
927 3214 981 3267 tur,
998 3208 1107 3255 trecentis
1116 3206 1227 3255 sestertiis
1242 3205 1350 3273 legunt,
1364 3202 1437 3257 nullo

370 3284 498 3346 vitreum,
511 3299 594 3351 quum
606 3280 740 3333 sublatum
753 3281 824 3332 lurto
837 3300 883 3333 au·
927 3280 1105 3352 adstipulante
1124 3296 1211 3336 vetere
1231 3282 1385 3353 exemplari.
1403 3284 1436 3335 Η.

370 3382 446 3415 reum
466 3362 564 3414 fuisset.
584 3360 692 3425 Strabo,
705 3360 752 3413 lib.
770 3360 883 3423 xvtn,
927 3394 966 3403 -
992 3362 1112 3415 Trecentis
1137 3364 1232 3415 talentis
1259 3374 1373 3433 emptam.
1399 3364 1437 3414 lta

315 3461 321 3475 ’
371 3461 432 3513 pag.
449 3437 625 3511 muliano.
881 3486 883 3493 ,
927 3440 1004 3493 MSS.
1022 3443 1103 3514 ngg.
1120 3460 1153 3507 a,
1171 3441 1250 3505 3,5‚
1268 3443 1342 3496 6.ln
1362 3440 1436 3495 MSS.

414 3522 460 3574 13.
476 3522 507 3573 T.
524 3520 659 3572 Petronius.
669 3519 760 3572 Titum
775 3536 882 3589 quoque
926 3518 1083 3577 vindobon.
1096 3534 1121 3573 et
1142 3521 1308 3574 Ambrosiam
1331 3525 1438 3573 trecentis

370 3600 527 3654 Plutarchus
540 3598 670 3670 appellnt,
683 3598 730 3650 lib.
738 3596 772 3651 de
783 3598 883 3665 Discriff
926 3603 1048 3663 sestertiisr
1058 3602 1135 3653 Roza.
1145 3591 1204 3652 00⁷0
1213 3600 1279 3665 116,
1290 3614 1317 3653 et
1327 3602 1439 3672 explicat

371 3680 442 3733 mine
461 3678 604 3732 adulatoris
619 3691 644 3731 et
660 3677 760 3738 amici,-
776 3676 822 3729 ubi
837 3696 882 3729 ex·
927 3693 1030 3733 tercenta
1044 3681 1119 3732 millia
1140 3685 1267 3735 sestertia:
1287 3680 1381 3733 melius
1398 3678 1438 3731 di·

370 3762 522 3832 probratarn
532 3760 566 3811 ab
575 3777 607 3811 eo
617 3757 717 3810 Neroni
729 3756 883 3809 tenuitatem
927 3760 1006 3813 nisset
1022 3760 1161 3813 trecenties
1179 3774 1289 3813 centena
1304 3760 1386 3813 millia
1399 3778 1438 3811 se·

370 3859 402 3893 ac
411 3838 501 3893 sordes
509 3838 598 3891 refert.
610 3838 702 3890 Caium
709 3835 818 3889 Tacitus
827 3854 883 3889 non
926 3839 1059 3903 stertium,
1070 3857 1115 3891 seu
1129 3853 1239 3893 moneta
1250 3834 1447 3911 gallicaelibrat'

370 3920 451 3973 semel
466 3918 600 3989 appellat:
616 3916 644 3968 in
659 3915 768 3987 primis,
787 3916 881 3969 Annel.
929 3918 1080 3989 ⁵,836,507
1091 3938 1099 3984 ;
1112 3930 1229 3973 trecenta
1243 3931 1332 3971 autem
1346 3931 1437 3971 sester-

370 3998 417 4051 lib.
438 3999 523 4063 XVI,
540 4016 599 4068 pag.
621 4014 688 4066 271,
710 3995 756 4047 ubi
777 3994 812 4048 tle
830 3995 883 4048 boc
928 3998 963 4051 tia
990 4012 1052 4051 aunt
1074 3998 1147 4053 librar
1173 3997 1296 4066 58‚359;
1324 4007 1437 4050 trecenta

371 4079 429 4147 ipso
444 4076 517 4148 loqui
534 4094 609 4139 eum,
624 4072 724 4145 dequo
740 4087 767 4127 ct
782 4074 883 4129 Plinius
928 4096 991 4131 vero
1007 4078 1119 4141 talenta.
1136 4077 1299 4148 1‚370‚625.
1314 4078 1354 4130 Ex
1365 4077 1437 4128 Brut.

370 4156 436 4227 agit,
450 4174 491 4209 res
503 4156 561 4227 ipsa
578 4153 679 4208 iudicio
696 4166 744 4207 eat·
762 4154 805 4207 tbi
819 4172 882 4226 pro·
927 4169 994 4211 nott.
1009 4156 1042 4212 ad
1055 4160 1127 4213 hunc
1138 4159 1190 4213 loc.
1202 4158 1254 4211 En.
