3100 5125
328 514 417 615 ¹590
621 518 659 585 c.
685 515 853 583 remit
878 515 984 582 aar.
1010 515 1139 582 ursr.

346 649 537 733 arboribus,
562 662 600 717 ut
623 648 749 741 gummi
770 648 802 714 in
827 647 963 731 cerasis,
981 647 1088 715 resina
1110 632 1237 740 pinis⁵⁰.
1263 648 1422 743 Erumpit

345 755 494 824 humoris
519 753 721 822 abundantia
733 739 781 820 ⁵¹:
806 753 963 822 densatur
990 754 1098 846 rigore
1121 752 1173 822 vel
1207 767 1323 848 tepore
1363 780 1421 824 au·

346 847 529 930 tumnali⁵².
541 861 656 948 Quum
667 843 1016 928 intumescens⁵³aestus
1025 859 1135 953 rapuit
1148 883 1186 926 ex
1200 858 1422 946 insulis,certe

345 969 381 1036 in
401 966 512 1036 littora
534 964 719 1060 expellitur,
740 968 785 1034 ita
806 964 968 1049 volubile,
993 980 1030 1034 ut
1049 965 1194 1060 pendere
1206 951 1231 996 ⁵⁴
1254 966 1419 1047 videntur,

344 1215 396 1270 dit.
409 1217 505 1271 Fluctn
517 1235 580 1270 vero
593 1217 723 1272 lambente
736 1215 764 1268 in
776 1216 859 1268 altum
905 1215 1046 1268 succinum
1072 1235 1087 1267 e
1113 1229 1279 1269 cetaceorum
1306 1219 1420 1289 piscium

346 1299 533 1368 provolutum,
563 1297 643 1350 maris
671 1294 801 1366 vertigine
830 1314 861 1349 ac
904 1309 1035 1366 spermate
1054 1294 1130 1360 fieri,
1148 1297 1340 1350 recentioribus
1360 1301 1420 1369 qui-

348 1376 487 1448 rslsugine,
499 1377 678 1448 temporisque
687 1374 861 1428 diuturnitate
904 1373 1016 1426 busdam
1041 1374 1250 1444 negotiatoribus
1272 1378 1422 1432 Sarmaticis

346 1455 860 1527 durescit,utspudnospissssphaltum,
905 1451 1019 1506 credidit
1047 1454 1189 1522 Alciatus,
1217 1455 1325 1527 Parerg.
1353 1459 1419 1529 juris

345 1548 373 1588 et
387 1537 441 1606 jam
462 1549 519 1587 tum
539 1536 678 1587 succinum
699 1547 755 1596 est,
770 1534 861 1604 sicque
904 1533 1171 1597 lib.V11,tom.V1,
1186 1553 1242 1605 cap.
1258 1535 1418 1600 4,fol.151.

345 1612 865 1688 concretuminlittomejnsscatnrigini·
906 1610 1419 1684 Consuledehocnrgumentohistoriam

346 1695 469 1766 opposita
493 1693 610 1748 adversis
638 1695 723 1745 ventis
746 1691 859 1762 ejicitur.
905 1691 1053 1746 Academiae
1062 1691 1149 1762 Regin
1158 1693 1419 1757 Scientiarum‚anni

345 1773 469 1844 Gagatis,
479 1773 525 1844 qni
539 1773 630 1843 procul
645 1769 728 1824 dubio
738 1772 861 1823 bitumen
909 1773 1062 1842 1705,pag.
1079 1771 1126 1835 43.
1140 1773 1175 1825 Η.
1189 1803 1228 1815 --
1242 1773 1302 1826 Non
1318 1772 1353 1826 de
1366 1794 1419 1828 suo

345 1865 385 1905 est
397 1853 541 1905 viscoribus
558 1864 635 1904 terre
652 1851 743 1903 multis
758 1851 861 1903 saeculis
905 1851 980 1916 cino,
1000 1849 1081 1902 umbre
1092 1853 1186 1920 jaune,
1210 1869 1302 1905 rerum
1318 1853 1352 1906 de
1366 1873 1418 1907 am-

346 1945 503 1996 excoctum,
522 1932 626 2001 glebam
643 1930 738 1994 habui,
757 1942 858 1982 erutam
905 1930 1069 1994 harmonice
1078 1935 1143 1998 gris,
1157 1932 1416 2003 auctoresqnosclam

346 2030 442 2082 prope·
454 2011 609 2063 Narbonem
633 2010 661 2061 in
685 2012 743 2079 ejus
765 2007 861 2079 lepidis
906 2009 959 2062 hoc
973 2007 1125 2080 prodidisse
1137 2011 1317 2066 meminimus.
1329 2013 1379 2066 En.

347 2090 460 2154 fodinis,
479 2089 590 2142 dimidia
606 2107 637 2141 ex
654 2101 730 2159 parte
743 2088 860 2159 nigram,
947 2089 990 2142 50.
1002 2090 1167 2158 Resinapinis.
1177 2090 1221 2142 Sic
1231 2091 1307 2144 MSS.
1317 2111 1417 2158 omnes,

299 2227 302 2232 ,
346 2170 428 2222 altem
439 2169 549 2232 flavum,
563 2168 663 2220 succini
675 2166 756 2219 modo
768 2185 775 2219 ε
788 2166 861 2239 quod
904 2187 959 2220 non
965 2172 1051 2238 pineis.
1062 2169 1155 2222 Sextus
1165 2169 1210 2222 bic
1220 2187 1305 2234 casus,
1315 2175 1418 2242 spinas,

345 2263 502 2319 argumento
510 2249 657 2302 certissimo
665 2260 712 2307 est.
724 2249 860 2300 succinum
901 2251 969 2318 pini,
992 2245 1115 2300 secundis
1133 2247 1328 2303 declinationis.
1346 2251 1380 2304 lb

347 2348 380 2381 eo
399 2327 480 2380 modo
497 2329 568 2398 gigni
583 2325 776 2398 quodiximns.
794 2326 862 2378 Glo-
948 2317 994 2380 ir.
1022 2329 1138 2398 Erumpit
1163 2329 1267 2381 humoris
1293 2331 1417 2383 abuudan-

347 2409 425 2461 bulos
437 2427 546 2479 quoqne
559 2428 574 2459 e
590 2407 700 2460 succino
719 2403 860 2458 duodecim
906 2409 956 2472 tia,
978 2419 1027 2460 etc.
1043 2408 1135 2478 Lege:
1156 2434 1166 2455 ι
1183 2408 1279 2479 Erupti
1301 2411 1418 2464 humoris

349 2487 421 2540 baud
438 2489 474 2540 ita
488 2486 592 2558 pridem
611 2488 639 2539 in
659 2485 789 2538 fossilium
804 2485 861 2537 the·
905 2485 1064 2539 nbundantis
1076 2486 1200 2541 densatur
1214 2488 1315 2560 frigore
1328 2491 1369 2542 vel
1383 2503 1418 2544 te-

347 2588 425 2626 sauro
444 2588 505 2620 meo
518 2569 634 2632 servavi,
656 2565 772 2637 singulos
794 2566 860 2618 euli-
905 2584 987 2637 porc,
1003 2579 1048 2619 aut
1063 2568 1128 2619 mari
1145 2586 1228 2638 quum
1242 2570 1420 2623 intumescens

347 2667 406 2701 cem
420 2646 602 2712 ostendentes,
615 2646 656 2699 vel
670 2645 806 2699 formicam
823 2645 863 2697 in·
905 2661 982 2699 cestus
989 2646 1078 2715 rapuit
1084 2665 1116 2699 ex
1124 2647 1229 2700 insulis:
1238 2650 1344 2702 certein
1353 2651 1418 2703 litto-

346 2742 390 2780 tus
411 2728 551 2797 sepultam.
565 2727 667 2779 Dusae.
678 2756 718 2769 -
734 2725 859 2777 Nascitur.
904 2724 1418 2798 raerpellituritavolubile,utpendere

346 2807 387 2859 lm
401 2806 524 2869 Solinus,
538 2805 591 2858 loc⁴
604 2806 649 2857 cit.
668 2804 819 2858 subscribit
835 2816 861 2857 et
906 2804 1036 2867 videatur,
1045 2817 1124 2874 atque
1132 2824 1185 2859 non
1193 2805 1278 2859 sidere
1286 2806 1312 2859 in
1322 2808 1414 2862 vado.»

347 2887 430 2940 Olaus
443 2886 568 2955 Magnus,
582 2884 655 2936 {tiss
664 2884 710 2935 lib.
723 2884 784 2948 xri,
795 2902 818 2935 c.
833 2885 860 2946 8,
948 2884 992 2937 52.
1008 2887 1035 2934 V
1032 2886 1057 2936 sl
1063 2898 1142 2955 tepore
1150 2888 1293 2941 autumnali.
1304 2887 1418 2951 Solinus,

346 2984 407 3037 pag.
431 2965 484 3018 500
506 2982 513 3016 s
532 2989 544 3011 ι
563 2964 684 3026 Abietes,
699 2963 801 3033 inquit,
814 2980 859 3014 seu
905 2964 1207 3025 loc.cit.iit1sidorus‚
1223 2966 1417 3035 orig‚1.xvt,

347 3047 434 3115 picem
440 3046 561 3108 arbores,
572 3056 664 3095 natura
674 3061 719 3094 sus
728 3042 863 3105 resinosa,
906 3062 964 3114 cap.
978 3046 1008 3109 8,
1019 3045 1061 3095 uel
1075 3057 1192 3113 tempore,
1209 3044 1345 3099 mendose.
1358 3048 1393 3099 Η.

346 3122 861 3194 excelsaproceritate,siresuperlittors
947 3124 993 3177 53.
1015 3124 1094 3193 Quum
1115 3130 1277 3177 intumescens.
1299 3126 1416 3190 Tacitus,

346 3205 440 3269 moris,
459 3206 514 3256 sive
530 3223 610 3272 super
630 3203 716 3265 rivos,
737 3201 779 3253 vel
799 3201 862 3254 alias
905 3203 955 3255 loc.
967 3203 1012 3255 cit.
1030 3227 1042 3249 ι
1058 3202 1221 3256 Fecundiom
1236 3204 1318 3274 igitur
1329 3224 1417 3259 nemo·

318 3320 321 3330 .
346 3282 472 3335 silvarum
501 3281 666 3335 declivitates
697 3293 861 3345 crescentes,
905 3300 934 3334 ra
945 3283 1081 3353 lucosque,
1093 3283 1160 3335 sicut
1170 3284 1289 3337 Orientis
1301 3286 1417 3350 secretis,

345 3364 481 3415 succinum
509 3361 622 3425 sudent,
648 3360 764 3413 maxime
792 3358 857 3412 dum
903 3362 949 3414 ubi
959 3362 1037 3414 thura
1054 3363 1221 3433 balsamaque
1232 3361 1373 3429 sudantur,
1384 3366 1417 3417 ita

346 3442 458 3495 maturis
469 3441 589 3512 frugibus
598 3441 660 3493 solis
672 3442 770 3503 ferror,
782 3450 831 3493 etc.
844 3464 854 3486 υ
903 3439 1055 3494 Occidentis
1075 3441 1166 3495 insulis
1185 3445 1316 3514 terrisque
1337 3446 1417 3497 inesse

346 3520 397 3573 Sed
410 3523 490 3573 altera
503 3534 628 3591 pretereo
639 3519 739 3573 succini
750 3536 859 3590 genero·
902 3519 1077 3583 crediderim,
1093 3540 1151 3592 quae
1161 3523 1242 3575 vicini
1259 3523 1323 3577 solis
1339 3523 1418 3576 radiis

345 3601 384 3653 tio
400 3616 454 3663 est,
470 3619 486 3652 e
506 3614 574 3653 terra
593 3600 693 3653 seilicet
703 3618 710 3651 :
722 3618 806 3670 quum
824 3600 858 3652 sit
902 3619 1036 3671 expressa,
1048 3615 1128 3671 atque
1137 3602 1281 3673 liquentia,
1294 3604 1320 3656 in
1332 3604 1418 3675 proxi·

345 3681 412 3752 picis
425 3681 537 3744 fossilis,
549 3697 593 3731 seu
607 3679 746 3732 bituminis
758 3696 855 3749 genus:
903 3698 975 3733 mum
990 3699 1062 3734 mare
1075 3681 1210 3743 labuntur,
1226 3701 1257 3735 ac
1273 3684 1299 3734 vi
1318 3696 1417 3754 tempe·

345 3759 419 3831 quod
430 3779 485 3813 uon
498 3760 525 3811 iu
539 3760 627 3811 littore
637 3756 718 3811 modo
726 3758 855 3811 Prussiaoi
901 3773 996 3813 statum
1005 3762 1032 3813 in
1040 3760 1147 3814 adversa
1157 3762 1414 3815 interserendam.-

345 3841 434 3901 msris,
442 3838 486 3892 sed
498 3854 523 3891 et
533 3840 560 3890 in
573 3837 637 3890 locis
647 3839 681 3890 ab
692 3856 725 3889 eo
736 3838 857 3907 pluribus
944 3840 989 3903 54.
1005 3840 1039 3893 Ut
1042 3841 1147 3911 pendere
1157 3842 1278 3893 uideatur.
1287 3844 1326 3895 Ut
1337 3840 1417 3893 modo

344 3937 467 3990 passuum
480 3919 597 3970 millibus
608 3916 856 3988 disjunctis,atqne
901 3917 1018 3988 pendere
1039 3918 1066 3971 in
1086 3920 1176 3991 aquis,
1199 3919 1281 3973 modo
1304 3924 1332 3974 in
1349 3918 1416 3973 vado

343 3996 411 4049 adeo
430 3999 457 4050 iu
479 3998 542 4069 ipsis
561 3997 698 4061 montibus
714 3997 855 4066 reperitur.
899 3998 1417 4053 considercvideatur.itaMSS.omnes.

343 4076 415 4128 Virlo
426 4078 602 4139 Kircherum,
616 4075 650 4129 de
668 4074 773 4129 Mundo
789 4077 854 4129 sub·
900 4078 1042 4132 Salmasius
1053 4078 1080 4130 iu
1092 4080 1174 4132 Solio.
1186 4098 1245 4151 pag.
1261 4078 1319 4143 234
1328 4118 1336 4144 ,
1346 4080 1416 4150 legit,

343 4157 560 4220 terr.lib.Vlll,
581 4176 640 4226 cap.
658 4156 705 4221 13,
727 4173 787 4226 pag.
807 4155 853 4225 75.
899 4168 970 4227 utque
988 4157 1134 4212 nonsidere.
1150 4159 1275 4223 Tacitus,
1296 4159 1349 4212 loc.
1373 4158 1415 4211 cit.
