3100 5125
365 498 433 571 116
634 500 671 567 c.
697 496 862 565 ruruu
889 483 993 565 usi.
1019 498 1148 565 rusr.

361 658 423 702 nus
445 635 480 701 in
506 630 678 724 triumpho
709 628 865 699 militibus
889 654 922 699 x.
954 652 1003 699 vu
1031 629 1123 698 dedit
1136 620 1158 695 ⁴.
1189 633 1221 699 Ο
1249 632 1337 701 viros
1364 632 1422 702 illo

362 742 563 834 imperatore
583 736 718 830 dignos,
745 735 864 828 quibus
896 735 960 805 hoc
992 736 1070 805 satis
1097 731 1170 803 fuit!
1203 725 1332 805 Frater⁵
1351 740 1424 831 ejus

361 844 590 938 Allobrogicus
610 842 735 936 primus
754 842 904 911 omnium
928 840 1040 935 pondo
1059 840 1145 909 mille
1160 841 1287 912 babuit.
1308 846 1352 913 At
1366 847 1423 915 Li·

362 953 435 1021 vius
451 954 583 1019 Drusus
600 949 635 1015 in
655 947 826 1017 tribunatu
847 933 988 1043 plebis⁶‚
1014 973 1046 1015 x.
1073 948 1158 1016 Nam
1176 962 1312 1043 propter
1329 952 1426 1045 quin·

361 1082 425 1152 que
445 1054 574 1150 pondo⁷
594 1068 745 1123 notatum
775 1076 795 1122 a
814 1054 1005 1123 censoribus
1027 1052 1265 1168 ⁸triumphalem
1287 1080 1422 1139 senem,

401 1286 427 1343 4.
448 1279 581 1345 Asi-icarus
602 1279 628 1328 in
652 1276 769 1346 triumpho
790 1274 871 1331 militi·
914 1292 993 1347 quum
1007 1273 1108 1345 pellicis
1120 1287 1231 1328 monete
1240 1275 1315 1329 libre
1331 1277 1357 1331 ⁵.
1368 1278 1423 1331 En.

361 1361 404 1413 tu
417 1359 456 1412 X.
472 1357 527 1411 Vll
542 1356 616 1409 dedit.
638 1354 696 1408 Hoc
713 1367 767 1419 cst,
792 1352 871 1407 dens·
955 1359 980 1408 5.
1001 1354 1098 1407 Frater.
1118 1352 1169 1407 Cui
1198 1372 1228 1407 es
1247 1356 1424 1427 Allobrogum

361 1441 415 1493 rios
427 1450 543 1509 septem:
556 1447 668 1489 monetae
678 1434 790 1505 gallicu,
804 1451 870 1487 essee
914 1434 1023 1487 victoris
1041 1452 1138 1487 nomeu
1154 1433 1229 1486 hesit
1243 1436 1424 1507 Allobrogici,

356 1523 405 1572 'sex
417 1531 444 1570 et
456 1516 662 1588 quinquagenos.
680 1514 738 1566 Hoc
750 1510 867 1565 donatiui
913 1511 985 1585 quod
1002 1525 1027 1566 ct
1047 1512 1153 1566 lumiliss
1170 1511 1267 1568 deiude
1280 1515 1328 1567 toti
1343 1517 1427 1570 bere-

362 1596 471 1651 uomine
488 1596 615 1648 militibus
637 1592 746 1663 singulis
766 1590 869 1645 datum.
913 1590 1037 1646 ditsrium
1048 1591 1165 1663 reliquit.
1175 1592 1218 1646 Sic
1229 1594 1425 1666 Msgnicogno-

362 1678 498 1743 Quantum
507 1674 610 1727 intersit
619 1671 775 1743 typosinter
784 1672 869 1725 inter·
914 1690 976 1725 men
991 1672 1101 1725 Sextum
1114 1672 1271 1744 Pompeium
1284 1674 1373 1746 Magni
1389 1676 1420 1729 F.

361 1757 467 1826 poletos
488 1772 505 1807 ι
530 1750 681 1808 semidoctis
702 1750 870 1816 bominibus,
913 1751 1029 1822 aliosque
1051 1770 1080 1805 cx
1100 1753 1215 1805 nummis
1230 1754 1328 1807 seimus
1351 1772 1425 1809 sece-

361 1834 517 1905 codieesque
530 1831 726 1905 mtegerrimos,
742 1849 810 1902 quos
829 1849 869 1883 se·
913 1830 988 1903 pisse.
1002 1830 1103 1885 ltus.

362 1915 438 1987 quuti
450 1911 595 1978 sumus,in
608 1910 754 1983 primisque
766 1911 830 1981 Reg.
843 1928 869 1975 s,
954 1914 980 1964 6.
1001 1912 1030 1963 In
1058 1910 1181 1963 tribunatu
1203 1913 1297 1983 putu,
1313 1914 1351 1966 Χ.
1380 1915 1423 1967 ltu

363 1997 438 2065 cujus
451 1993 606 2063 scriptumm
620 1989 814 2061 religiosissime
832 1984 871 2041 se-
913 1986 977 2060 lleg.
1012 2011 1038 2044 s.
1069 1990 1126 2043 Hoc
1152 2003 1205 2055 est,
1229 1992 1320 2046 decem
1346 1993 1422 2047 mille

362 2085 548 2143 presentamus
564 2068 675 2123 totidem
689 2069 871 2142 spicibussyl-
914 2068 1005 2141 pondo
1032 2070 1143 2141 argenti.
1171 2070 1249 2127 Prius
1272 2073 1425 2143 legebatur,

363 2150 643 2223 lebisque,legentium
659 2162 715 2202 esto
726 2144 871 2221 judicium.
915 2150 959 2201 XI
972 2150 1057 2201 millia.
1072 2150 1165 2202 Henn.

363 2233 406 2286 Sic
425 2231 496 2285 enim
520 2231 576 2303 typi
598 2248 702 2293 omnes,
716 2253 728 2275 a
741 2227 871 2300 idemque
954 2248 982 2299 7.
993 2230 1058 2283 uum
1067 2242 1168 2300 propter
1180 2232 1281 2303 quinque
1288 2232 1378 2301 pondo.
1388 2233 1423 2285 ln

362 2330 445 2383 quum
479 2309 514 2364 ds
553 2309 640 2362 Ptenis
678 2307 871 2378 triumpharet,
913 2309 1076 2379 supellectile
1101 2307 1181 2363 denas
1208 2327 1270 2363 euro
1299 2311 1424 2365 babuisse

362 2404 455 2462 qnater
473 2390 569 2443 millies
591 2406 707 2441 ccccm
726 2404 757 2440 rt.
779 2386 871 2457 pondo
914 2387 1104 2442 lib'rssdietum
1117 2401 1156 2442 est
1169 2389 1423 2459 superius,XVHI,

362 2469 501 2523 transtulit.
514 2496 525 2517 ι
539 2466 702 2521 Incredibile
722 2468 818 2519 merito
834 2468 872 2519 vi·
917 2470 942 2521 8.
955 2468 988 2520 Et
1002 2467 1115 2532 Gellius,
1128 2469 1179 2529 tv.
1194 2471 1227 2523 8:
1244 2470 1422 2523 ·Cornelium

362 2569 421 2604 sum
432 2547 461 2602 id
475 2550 506 2602 P.
521 2548 661 2602 Cisooonio
676 2558 732 2612 est,
745 2544 780 2599 de
793 2546 871 2600 tricll·
914 2546 1039 2604 Rufinum
1053 2548 1095 2602 bis
1107 2548 1240 2603 consulem
1255 2562 1282 2603 et
1291 2547 1423 2604 dictatura

361 2630 520 2702 nio,p.17:
537 2629 613 2681 «Hoe
625 2627 726 2698 urgenti
740 2639 793 2680 tots
808 2627 871 2680 Cer·
914 2627 1034 2680 functum
1056 2647 1149 2682 censor
1170 2628 1306 2682 Fabricius
1329 2644 1422 2684 senatu

363 2710 443 2780 tlrsgo
458 2708 570 2771 habuit,
587 2707 632 2759 ills
648 2719 778 2760 terrarum
793 2723 871 2758 umu·
913 2707 1017 2773 morit,
1040 2709 1075 2761 ob
1094 2707 1203 2761 luxuries
1218 2721 1327 2762 notum:
1347 2708 1421 2780 quod
1501 2739 1503 2744 ·

362 2789 402 2851 ln,
423 2786 496 2860 quod
520 2803 592 2840 nuuc
614 2786 642 2837 in
664 2802 813 2837 mensurum
833 2797 871 2839 est
914 2785 1005 2840 decem
1025 2786 1115 2858 pondo
1137 2788 1216 2840 libres
1237 2789 1340 2858 urgenti
1359 2789 1421 2842 iucti

363 2879 500 2938 sppsrstu.
515 2891 526 2912 ι
540 2866 665 2927 Falsum,
680 2863 708 2916 in
719 2862 810 2916 rerurio
824 2883 871 2934 po·
914 2863 1048 2918 baberet·
1062 2867 1098 2921 Et
1111 2867 1207 2932 xvn,
1224 2885 1256 2920 21
1273 2886 1279 2919 :
1300 2893 1311 2914 ι
1323 2869 1353 2922 C.
1370 2869 1420 2920 Fr-

363 2947 415 2999 tius
425 2947 485 3000 fuit.
496 2942 548 2998 Sed
561 2943 699 3013 elislonge
711 2955 751 2995 est
763 2943 872 3014 scripto·
914 2945 1013 2998 bricius
1033 2945 1176 3008 Luscinus,
1197 2958 1223 3000 et
1242 2948 1276 3013 Q.
1299 2949 1423 3002 AEmilius

362 3027 399 3078 ris
423 3024 559 3080 sententia.
586 3023 703 3076 «Postea
725 3021 794 3076 rictu
814 3022 870 3074 Nu·
914 3023 1422 3096 llupus,censcresllotntsl'uerunt,et

363 3107 461 3160 mentis
478 3118 504 3157 et
519 3103 604 3156 deleta
615 3099 625 3165 (
636 3121 685 3154 cur
699 3119 763 3154 vero
779 3101 871 3154 extrita
914 3104 945 3158 P.
959 3105 1040 3160 Corn.
1053 3104 1194 3168 Rufinum,
1207 3106 1253 3178 qui
1269 3107 1310 3160 bis
1325 3107 1422 3160 consul

363 3173 870 3258 voculaquidus,nonsppsret?),idem
915 3196 942 3238 et
962 3183 1075 3238 dictator
1098 3186 1199 3249 fueret,
1216 3197 1307 3238 seustu
1331 3205 1422 3240 move·

362 3266 502 3320 Africanus
528 3263 557 3315 in
579 3261 715 3330 triumpho
741 3260 871 3314 militibus
914 3277 995 3327 runt,
1008 3282 1166 3332 causamque
1178 3265 1221 3318 isti
1232 3277 1300 3318 rrotss
1309 3266 1422 3319 subscri-

364 3346 444 3398 xvn
458 3342 540 3395 millis
555 3339 645 3411 pondo
656 3337 738 3392 dedit.
753 3364 764 3385 ι
784 3340 870 3392 Nune
914 3355 1025 3412 pserunt
1041 3361 1048 3396 :
1064 3343 1137 3414 quod
1154 3362 1214 3397 eum
1230 3347 1423 3414 comperissent

287 3464 295 3482 .
362 3437 455 3478 nostro
476 3423 578 3486 solum,
599 3417 691 3472 sedet
718 3437 732 3470 s
754 3419 869 3472 Pintisni
914 3423 1016 3492 urgenti
1036 3423 1097 3476 ficti
1119 3441 1200 3476 coenss
1224 3425 1305 3495 grstia
1329 3424 1420 3478 decem

362 3503 455 3558 codice
467 3502 565 3554 absunt
584 3519 621 3552 en
637 3517 714 3551 voces
728 3499 870 3570 miliiupou·
913 3500 1007 3576 pondo
1022 3501 1102 3554 libras
1124 3502 1230 3556 bebere.
1249 3529 1260 3550 ι
1284 3504 1344 3557 Nou
1361 3505 1423 3575 plus

362 3578 868 3650 dosnecvero,nisisbsint,intelligo
913 3579 1009 3634 bebere
1039 3581 1156 3644 scilicet,
1182 3601 1260 3653 quum
1285 3585 1420 3656 quinque,

362 3682 423 3735 qun
444 3661 479 3714 sit
505 3677 536 3712 en
560 3658 672 3710 militum
693 3657 866 3718 abstinentis,
912 3659 996 3713 licuit.
1025 3661 1142 3732 Contigit
1162 3660 1191 3714 id
1214 3681 1274 3716 aun.
1297 3664 1331 3716 U.
1354 3667 1420 3732 678.

362 3742 443 3815 digna
461 3740 505 3792 ills
525 3737 725 3801 scclnsnntione,
746 3754 806 3807 quie
821 3750 869 3790 stu·
912 3738 984 3791 Vide
998 3752 1023 3792 et
1038 3740 1097 3792 Vel.
1112 3741 1181 3794 Mur.
1197 3742 1235 3803 ΙΙ,
1246 3761 1274 3812 9,
1288 3761 1314 3794 n.
1329 3751 1361 3808 45
1372 3744 1418 3794 Li·

361 3823 409 3875 tim
423 3819 554 3890 sequitur,
571 3817 593 3869 si
611 3828 664 3868 tem
683 3817 756 3886 largo
771 3815 869 3870 luerint
913 3818 1039 3890 viumque
1052 3820 1079 3871 in
1096 3821 1167 3889 Epit.
1179 3821 1254 3874 XIV.
1274 3821 1363 3875 Hsnu.
1381 3853 1420 3863 --

360 3900 485 3954 donativo
505 3894 701 3968 compensandi.
725 3895 869 3948 Hunn-
914 3897 1059 3950 Fabulosnm
1082 3901 1134 3968 jum
1161 3901 1266 3952 uidetur.
1289 3903 1421 3972 Εἶρωναῶς

360 3981 481 4034 Militibus
501 3977 542 4030 Χ.
568 3977 622 4028 VII
644 3975 719 4028 dedit.
749 3975 869 4029 Gronov.
913 3977 1044 4049 loquitur.
1058 3979 1089 4030 ln
1106 3991 1176 4032 tanta
1194 3999 1298 4032 morum
1316 3994 1423 4034 nostro-

360 4072 386 4115 et
412 4061 451 4112 ul.
476 4057 563 4114 XVII
595 4055 671 4108 millia
700 4055 790 4125 pondo.
824 4054 870 4107 Se·
913 4075 973 4109 rum
987 4058 1255 4122 luxurie,nemoest
1267 4061 1313 4132 qui
1327 4079 1421 4114 verum

358 4153 432 4212 ptem
453 4136 555 4192 densrii
577 4135 616 4188 illi
633 4147 693 4188 sunt
714 4135 795 4206 paulo
811 4134 871 4206 plus
915 4135 1420 4204 credat,sutcredidisserideetur.En.
