3100 5125
352 505 426 593 456
628 513 665 579 C.
694 513 858 584 PLINII
883 513 991 584 NAT.
1019 513 1149 583 HIST.

353 646 409 738 qui
426 659 478 712 est
497 645 531 711 in
553 647 703 739 proxima
723 633 835 731 aede³²‚
859 646 1019 717 fecerunt.
1042 632 1164 716 Pana³⁸
1189 662 1223 715 et
1241 647 1424 745 Olympum

353 748 535 839 luctantes,
563 750 678 820 eodem
700 751 774 823 loco
797 753 1014 842 Heliodorus,
1038 753 1129 848 quod
1150 768 1200 823 est
1222 751 1364 824 alterum
1390 758 1423 824 in

302 869 338 922 23
357 859 453 926 terris
467 856 668 952 symplegma
675 845 701 896 ³⁹
714 859 846 929 nobile:
862 864 1027 930 Venerem
1047 857 1212 928 lavantem
1235 885 1327 932 sese:
1348 864 1423 932 Dae-

354 962 465 1032 dalum
479 978 619 1033 stantem
633 964 880 1059 Polycharmus.
900 971 950 1036 Ex
964 968 1094 1036 honore
1104 983 1242 1062 apparet
1254 970 1288 1037 in
1302 993 1426 1064 magne

354 1071 550 1138 auctoritate
575 1071 724 1140 habitum
740 1061 856 1167 'Lysias
878 1098 983 1168 opus,
1006 1072 1095 1168 quod
1116 1075 1150 1143 in
1174 1073 1301 1144 Palatio
1325 1099 1426 1169 super

355 1201 469 1244 arcum
489 1177 585 1245 divus
603 1179 772 1272 Augustus
795 1180 916 1249 honori
936 1181 1068 1249 Octavii
1086 1182 1189 1274 patris
1209 1181 1259 1249 sui
1281 1181 1428 1265 dicavit,

356 1285 390 1351 in
407 1281 543 1352 aedicula
557 1281 722 1354 columnis
734 1286 905 1355 adornata.
926 1283 964 1354 Id
981 1301 1031 1356 est
1048 1286 1207 1383 quadriga
1225 1311 1428 1381 currusque,

316 1473 321 1484 .
358 1405 392 1459 et
411 1387 531 1484 Apollo
552 1413 593 1459 ac
614 1393 724 1460 Diana
745 1417 786 1460 ex
807 1419 875 1461 uno
901 1391 1017 1487 lapide.
1048 1393 1089 1462 ln
1114 1394 1220 1462 hortis
1239 1393 1431 1464 Servilianis

241 1501 252 1519 '
358 1499 487 1590 reperio
511 1495 680 1584 laudatos,
702 1485 913 1569 Calamidis⁴⁰
936 1497 1120 1594 Apollinem
1140 1498 1225 1570 illius
1249 1499 1429 1579 calatoris,

357 1602 543 1697 Dercylidis
569 1593 731 1698 Pyctas⁴¹‚
754 1594 1005 1700 Amplristrati4²
1036 1593 1302 1676 Callisthenem⁴³
1325 1607 1428 1676 histo·

359 1732 483 1781 riarum
505 1712 709 1805 scriptorem.

313 1835 345 1892 24
416 1815 488 1884 Nec
515 1817 621 1886 multo
645 1818 789 1912 plurium
817 1819 904 1888 fama
926 1804 1016 1902 est⁴⁴‚
1037 1817 1257 1913 quorumdam
1279 1817 1425 1889 claritati

361 1923 395 1990 in
418 1923 574 2017 operibus
592 1927 716 1994 eximiis
738 1926 892 1995 obstante
910 1949 1050 1994 numero
1072 1925 1254 2014 artificum,
1272 1927 1431 2020 quonian}

362 2053 424 2097 nec
443 2053 529 2098 unus
552 2046 695 2124 occupat
711 2031 867 2125 gloriam,
884 2057 946 2102 nec
967 2030 1078 2126 plures
1101 2033 1224 2126 pariter
1243 2034 1432 2126 nuncupari

405 2261 453 2329 37.
476 2260 507 2310 In
524 2263 636 2329 murima
656 2260 716 2312 «τά.
740 2219 824 2312 lovis.
840 2261 873 2312 In
916 2268 990 2329 trapa:
1009 2258 1119 2314 lucinas.
1135 2259 1311 2329 «Apollinem
1333 2277 1433 2330 cogno-

363 2339 517 2408 lragmentis
534 2338 638 2408 vestigii
658 2340 754 2392 veteris
766 2339 874 2406 Romae,
919 2338 1202 2392 mentoAverruucum
1214 2338 1329 2392 Calamis
1336 2339 1430 2393 fecit.-

362 2417 450 2470 mbula
463 2437 500 2481 ιι,
514 2417 582 2471 ades
594 2416 668 2470 Jovis
680 2433 707 2471 et
719 2419 833 2472 lunonis
846 2419 875 2474 ia
920 2419 1033 2472 &usam
1052 2417 1132 2489 hujus
1152 2419 1339 2489 appellationis
1360 2418 1433 2472 disce

364 2496 482 2550 Octaviae
495 2498 642 2569 porticibus
654 2498 814 2551 exhibentur
823 2499 876 2553 hoc
921 2517 952 2551 ex
968 2498 1040 2571 ipso,
1056 2497 1077 2550 si
1091 2512 1173 2551 vacat.
1187 2499 1277 2552 uun.

364 2576 446 2631 morlo
461 2595 468 2629 :
485 2596 621 2633 roarrcrs.
636 2598 776 2632 ocrsvrsa.
787 2597 875 2634 arura.
962 2586 1008 2643 Ar.
1029 2579 1168 2650 Dercylidis
1183 2579 1280 2653 Pyrrae.
1300 2579 1360 2633 lloc
1379 2593 1434 2643 est,

365 2675 878 2713 roras.sauss.rvnoass.saurs.uaacv·
921 2658 1030 2731 pugiles.
1060 2658 1144 2713 Usum
1171 2678 1202 2713 ea
1225 2678 1290 2713 voce
1314 2658 1432 2711 Plinium

366 2756 417 2789 urs.
440 2756 580 2790 rsvssavar.
605 2739 761 2809 Cognomea
790 2738 877 2796 adhuc
921 2736 997 2791 haud
1013 2740 1110 2805 semel,
1124 2758 1156 2793 ex
1178 2737 1271 2792 Indice
1293 2738 1432 2809 intelliges.

366 2817 464 2869 retinet
479 2816 548 2869 aedes
562 2818 590 2870 S.
601 2818 732 2872 Mariaein
747 2821 859 2874 Portica
867 2820 880 2883 ,'
922 2820 962 2871 lta
975 2837 1058 2890 porro
1067 2819 1238 2889 scripsimus,
1251 2838 1283 2871 ex
1295 2816 1351 2871 lide
1367 2820 1432 2889 Reg.

366 2912 440 2949 nunc
454 2896 556 2951 Sancta
572 2897 671 2963 Galle,
692 2914 751 2970 quse
764 2900 879 2952 Iunonis
925 2918 938 2951 a
952 2896 1051 2951 codicis
1063 2910 1086 2949 et
1097 2898 1211 2950 Pintiani
1226 2896 1434 2969 quoqueadmo·

368 2979 435 3028 ades
446 2976 545 3029 :altera
565 2977 686 3048 proxima
705 2978 731 3031 S.
754 2980 877 3043 Nicolai‚
922 2978 996 3044 nitu,
1006 2996 1089 3049 quum
1101 2978 1174 3049 priua
1184 2976 1325 3048 legeretur,
1340 2977 1433 3049 Dacty-

368 3073 428 3127 quae
443 3056 520 3109 Jovis
531 3058 610 3110 fuisse
623 3056 732 3111 dicitur.
750 3057 806 3111 sed
817 3072 880 3113 suut
923 3057 979 3109 tide
988 3057 1098 3129 Pyrum.
1111 3056 1182 3109 Alias
1193 3056 1315 3126 Dercylis
1327 3057 1434 3111 lentiore

367 3136 397 3187 hi
410 3136 498 3206 spurii
511 3137 591 3190 timli.
610 3138 755 3190 Nominum
770 3138 879 3191 nomina
922 3156 1021 3191 nomen
1034 3150 1088 3203 est,
1102 3149 1133 3189 ut
1143 3136 1223 3207 paulo
1237 3150 1314 3191 antea
1325 3136 1379 3189 hoc
1391 3154 1434 3189 cs·

368 3216 478 3269 inscribi
487 3216 621 3282 delubris,
632 3218 716 3271 moris
727 3218 828 3289 antiqui
840 3236 881 3271 sa-
923 3217 981 3287 pita
994 3214 1119 3269 vidimus.
1133 3216 1225 3271 Hann.

368 3314 403 3347 ne
422 3295 490 3359 tuit,
505 3309 532 3349 at
546 3294 623 3367 adjici
640 3296 752 3351 verbum
771 3314 879 3357 saun,
965 3287 1373 3367 AaAmplu'strasiAppiurpaeav
1386 3308 1435 3347 sta·

369 3376 405 3427 ab
416 3378 490 3427 omni
502 3394 612 3446 prorsus
628 3376 679 3429 fuit
690 3396 741 3433 usu
753 3377 877 3431 alienum.
923 3376 1038 3429 turrium
1047 3373 1136 3429 laudat
1145 3389 1171 3429 et
1178 3375 1320 3440 Tutianus,
1329 3376 1358 3427 in
1368 3388 1434 3430 orat.

369 3453 474 3509 Deinde
490 3454 564 3509 unde
578 3456 708 3510 ωιιίὶοῐω
722 3458 804 3511 luerit
815 3460 881 3511 Her·
924 3467 1013 3509 contra
1026 3454 1148 3517 Grecos,
1160 3474 1187 3525 p.
1203 3458 1267 3510 18².
1283 3455 1376 3508 llsau.

369 3535 441 3589 cules
461 3535 596 3589 Musarum
617 3537 739 3608 superius
759 3536 880 3591 ostendi·
965 3532 1010 3599 ⁴³·
1026 3534 1203 3587 Callisthenem.
1220 3535 1331 3604 Deque
1347 3553 1396 3587 uos
1407 3534 1434 3587 iu

370 3632 429 3667 mus
442 3614 490 3668 lib.
503 3617 620 3682 XXXV,
631 3635 691 3687 asp.
708 3617 753 3669 36.
769 3615 859 3667 titan.
925 3618 1071 3668 Auctorem
1084 3613 1187 3668 ludier.
1198 3615 1276 3667 Hunc
1287 3612 1436 3669 Alexander

330 3714 336 3761 ς
410 3694 881 3768 38.Ραπαεεοᾔωρω.1)οᾳηὶὴυι
925 3695 1036 3765 Magnus
1052 3694 1195 3747 interemit.
1208 3692 1278 3746 Vide
1291 3694 1435 3758 Senecam,

367 3776 424 3841 jam
435 3788 511 3828 antea
524 3774 635 3829 dictum.
649 3778 739 3830 Haau.
925 3774 996 3829 Natt.
1012 3774 1084 3839 Quu.
1100 3774 1147 3827 tib.
1158 3774 1214 3838 vl,
1226 3790 1283 3844 cap.
1300 3773 1347 3826 23.
1360 3774 1396 3827 Η.

411 3854 457 3921 39.
476 3854 640 3927 Symplegm.
650 3856 693 3908 Da
701 3875 732 3909 ea
744 3874 811 3911 voce
820 3874 881 3927 sup.
967 3861 1013 3917 44.
1024 3854 1119 3909 Deinde
1128 3853 1252 3907 maltorum
1263 3852 1435 3920 obscuriorsa·

369 3932 420 3983 hoc
433 3934 493 4003 ipso
507 3936 600 4005 capite.
615 3936 706 3988 Hsau.
926 3954 964 3987 rna
977 3946 1013 3987 est
1022 3925 1071 4003 (sic
1083 3934 1176 4005 prius).
1183 3934 1256 3985 Voss.
1267 3944 1293 3985 et
1303 3932 1433 3985 Pintiani:

411 4019 455 4073 Aa.
471 4014 615 4068 Calamidis.
627 4017 735 4087 Deque
748 4016 878 4075 XXXIV,
928 4014 1005 4069 «Nec
1022 4014 1105 4067 multo
1128 4012 1247 4084 plurium
1268 4012 1337 4065 laum
1356 4024 1433 4076 eat,-

373 4108 417 4159 ¹9·
432 4092 542 4147 Pansae.
562 4094 589 4147 in
608 4095 692 4149 Attio.
706 4115 736 4165 p.
756 4100 788 4147 6:
800 4082 833 4149 ὃν
850 4090 880 4149 ll
925 4095 1025 4165 sinere
1035 4094 1162 4147 obscurret.
1175 4093 1237 4145 Noa
1249 4092 1335 4146 multo
1347 4090 1438 4161 plures

370 4177 482 4234 ametro
495 4166 639 4237 Atellanam
657 4167 807 4238 Aurum,
827 4174 880 4231 Καί·
925 4172 959 4231 ad
972 4174 1068 4227 laruam
1083 4185 1267 4245 pervenerunt.
1281 4170 1376 4225 Gaou.
