3100 5125
342 606 389 650 υ
620 582 658 650 c.
681 531 848 651 ruinis
872 581 975 651 nsr.
1000 578 1127 647 nrsr.

340 714 464 780 vietum
483 711 515 778 in
532 712 720 805 promiscuo
739 713 926 781 habebant:
940 734 1002 780 nee
1021 706 1088 776 ulla
1105 707 1196 776 domi
1215 709 1397 778 custodiae

341 816 526 887 domesticis
543 842 626 911 opus
640 832 719 885 erat.
734 816 833 887 Nune
849 815 1014 912 rapienda
1026 826 1262 909 comparantur
1276 815 1398 909 epulae,
1465 820 1469 826 '

340 924 529 1017 pariterque
538 946 596 1016 qur
608 924 737 1017 rapiant
750 948 824 1010 eas,
839 939 873 993 et
889 921 1156 1061 clavesquoque
1147 943 1234 1013 ipsas
1252 922 1399 1015 signasse

340 1053 408 1097 non
428 1041 477 1097 est
492 1030 591 1097 satis:
608 1031 751 1123 gravatis
767 1016 902 1099 somno⁴
904 1015 993 1097 ⁵aut
1010 1025 1224 1096 morientibus
1242 1027 1331 1095 anuli
1345 1028 1399 1095 de

340 1135 530 1204 trahuntur:
543 1128 1072 1229 majorquevitaeratioeircahoe
1063 1146 1318 1201 instrumentum
1325 1157 1407 1202 esse·

340 1242 456 1333 coepit,
476 1240 637 1310 incertum
653 1264 672 1311 a
690 1264 756 1335 quo
763 1257 932 1362 tempore.
947 1240 1110 1309 Videmur
1124 1253 1235 1307 tamen
1251 1264 1348 1347 posse
1362 1241 1398 1307 in

339 1348 481 1415 externis
500 1348 727 1485 auotoritfiatem
741 1348 812 1441 ejus
827 1374 874 1418 rer
866 1345 1124 1441 ''intelligere‚
1095 1369 1183 1415 orrea
1193 1323 1404 1438 Polycratem·

338 1452 426 1521 Sami
438 1438 657 1545 tyrannumlffi
672 1478 725 1522 cur
717 1453 879 1523 dilectus
892 1452 946 1521 ille
966 1451 1107 1521 anulus
1099 1476 1133 1519 1n
1148 1474 1238 1519 mare
1249 1451 1403 1543 abjectus·

339 1571 437 1651 copto
450 1556 571 1627 relatus
585 1573 634 1627 est
648 1560 747 1653 pisce,
757 1562 829 1653 ipso
840 1561 972 1629 circiter
978 1582 1095 1628 ccxxx
1103 1581 1226 1624 annum
1235 1557 1401 1629 Urbiano·

289 1662 602 1733 nstraeinterfecto.
612 1663 957 1760 Celebratiorquidem
968 1662 1398 1755 ususeumfenoreeoepisse

338 1767 459 1837 debet:
480 1784 675 1861 argumento
693 1785 742 1838 est
763 1770 968 1841 consuetudo
986 1754 1123 1862 vulgill,
1142 1767 1184 1837 ad
1206 1770 1398 1862 sponsiones

379 1914 426 1980 4⁵.
444 1915 709 1969 Gmrutissomnoaut
724 1920 844 1969 modend-
887 1915 1067 1989 profundum,
1085 1930 1126 1968 ne
1135 1916 1221 1969 omnis
1236 1916 1398 1969 incommodi

338 1996 381 2047 lus
393 1996 462 2046 anuli
473 1995 638 2048 detruduntur.
665 1996 844 2067 Lethargieis‚
888 2016 981 2068 expers
997 2008 1075 2060 esset,
1089 1996 1201 2067 abjecit:
1216 2012 1294 2066 quem
1310 2008 1397 2048 umen

338 2086 382 2127 aut
414 2072 607 2127 deficientibus.
630 2075 790 2147 Exemplum
816 2077 844 2129 iu
886 2077 1016 2129 continuo
1036 2075 1213 2145 recuperavit,
1230 2086 1307 2142 eapto
1324 2076 1398 2146 pisce

338 2152 687 2225 Tiberioapud'l'ranquill.
704 2174 727 2207 o.
742 2171 845 2217 uxxrrs,
887 2155 935 2227 qui
960 2173 1021 2207 eum
1048 2152 1229 2207 devoraverat.
1251 2153 1304 2206 Sed
1324 2155 1399 2207 hunc

337 2232 384 2283 ubi
397 2230 431 2284 de
445 2250 540 2303 genere
557 2234 613 2301 ejus
625 2233 715 2286 obitus
731 2254 737 2285 z
754 2261 765 2281 ι
777 2232 845 2286 Sunt
887 2233 1019 2288 felicitatis
1035 2249 1139 2304 semper
1155 2231 1240 2304 plenis
1258 2234 1322 2286 velis
1335 2252 1397 2286 eur·

337 2311 383 2382 qui
403 2322 512 2381 putent,
540 2312 643 2383 inquit,
658 2312 797 2382 pulvinum
820 2313 845 2365 ei
887 2332 946 2367 sum
966 2326 1056 2367 tenere
1075 2332 1129 2365 uon
1151 2312 1250 2383 potuit.¹
1267 2314 1401 2384 Compre-

336 2391 477 2460 injeetum,
489 2408 572 2461 quum
585 2402 734 2443 extractum
742 2392 792 2443 sibi
801 2390 845 2445 de·
888 2393 1000 2445 laensum
1013 2391 1084 2444 enim
1095 2392 1209 2445 Orontes
1221 2383 1317 2460 (scribe
1326 2396 1398 2446 θνα-

336 2468 437 2522 lioienti
448 2469 557 2521 anulum
565 2487 629 2523 mox
640 2470 846 2541 resipiscensre·
889 2486 939 2536 tes,
958 2462 1059 2540 ὁροίτης
1080 2470 1217 2524 Herodoto
1240 2472 1349 2542 saepius,
1368 2472 1397 2524 in

337 2549 463 2620 quisisset.
477 2575 488 2596 ι
502 2548 616 2608 Mortuis
629 2560 716 2604 tamen
725 2546 845 2605 redditor
887 2551 997 2616 Thalia,
1011 2550 1058 2603 lib.
1073 2552 1129 2615 111,
1141 2569 1200 2623 pag.
1219 2570 1271 2604 aro
1285 2565 1311 2605 et
1329 2571 1397 2606 atr.

336 2629 491 2698 Propertius
505 2626 619 2692 indicat,
631 2629 704 2700 Eleg.
712 2630 762 2693 IV,
778 2649 806 2698 7,
818 2648 845 2698 9,
888 2631 998 2702 Irrepsit
1010 2630 1056 2683 hio
1067 2649 1142 2684 error
1157 2643 1184 2684 et
1200 2631 1228 2682 in
1240 2631 1322 2683 Tullii
1333 2651 1400 2684 oon-

337 2707 406 2760 Sunt
423 2706 522 2780 aliquid
537 2723 544 2757 τ
559 2733 570 2754 ι
581 2707 616 2760 Et
634 2707 741 2761 solitum
760 2706 846 2778 digito
887 2707 1021 2774 textum),
1035 2711 1108 2763 Darii
1119 2711 1189 2782 regis
1199 2711 1354 2780 praefectus,
1367 2711 1397 2762 in

336 2787 459 2856 beryllon
473 2784 598 2838 adederat
612 2785 689 2856 iguis.
706 2811 716 2832 ιι
731 2786 824 2839 liano.
888 2789 1063 2843 excelsissimo
1072 2789 1229 2862 Mycalensis
1235 2790 1333 2843 montis
1342 2808 1399 2843 rer·

378 2869 423 2928 46.
433 2865 505 2918 Circo
516 2865 668 2931 Polycratem
681 2863 749 2918 Sami
762 2877 846 2936 tyrun-
888 2869 940 2921 tice
951 2869 1023 2922 eruci
1038 2869 1131 2922 affixit.
1141 2869 1165 2922 Β
1175 2887 1230 2940 quo
1238 2882 1330 2940 putres
1339 2871 1398 2940 ejus

336 2961 401 2996 nuru.
415 2943 539 2996 Valerius
554 2943 600 2996 lib.
608 2945 661 3005 vt,
682 2946 802 3016 capuit.
819 2958 847 3000 et
888 2960 974 3012 arms,
995 2960 1021 3001 et
1040 2948 1131 3002 tabido
1152 2965 1248 3002 cruore
1261 2950 1396 3002 manantia

335 3023 501 3093 posthaclib.
513 3023 656 3089 xxxvn,
669 3041 728 3096 eap.
746 3025 845 3090 une·
887 3029 1024 3091 membra,
1043 3039 1121 3098 atque
1137 3027 1210 3081 illam
1228 3028 1335 3095 leram,
1352 3030 1398 3082 eui

336 3101 448 3155 rodotus
457 3101 525 3155 libro
538 3103 596 3164 111;
606 3102 701 3156 Cicero
710 3143 718 3169 ,
726 3103 760 3156 de
771 3104 844 3158 Fini·
887 3106 1029 3176 Neptunus
1042 3108 1150 3160 anulum
1164 3107 1302 3177 pisoatoris
1314 3124 1396 3161 mauu

337 3181 445 3245 hus‚V.
460 3183 485 3234 ls
497 3182 531 3233 ab
541 3181 644 3234 Oronte
657 3184 795 3236 Persarum
806 3203 844 3238 sa·
885 3186 1051 3251 restituerat,
1070 3186 1122 3240 situ
1138 3185 1284 3240 marcidam
1304 3187 1397 3242 Samos

337 3272 411 3331 traps
429 3261 457 3313 in
478 3279 582 3314 erucem
601 3271 674 3316 actus
694 3275 719 3315 et
737 3263 845 3317 interfe·
885 3283 974 3318 amara
984 3266 1112 3320 muriante
1124 3265 1276 3338 aliquandiu
1292 3285 1396 3337 pressa,

336 3352 393 3391 etus
406 3339 526 3392 est.Vide
540 3339 694 3394 Strabonem
706 3342 752 3394 lib.
765 3343 842 3396 XIV.
885 3344 1014 3398 liberisue
1023 3345 1088 3398 letis
1099 3345 1183 3399 oeulis
1191 3345 1397 3416 asperia-Vide

337 3419 404 3472 Dan.
426 3451 464 3461 —-
485 3420 582 3472 Amilos
607 3425 632 3472 in
652 3441 717 3472 nare
737 3422 843 3492 abjectus
885 3423 1237 3489 etTaetzeu,Chiliad.r11‚
1250 3425 1353 3489 moi,
1368 3437 1396 3478 et

336 3509 406 3565 capto
417 3499 505 3551 relatus
513 3509 548 3550 est
555 3501 763 3569 piscelleleruut
771 3501 843 3557 hano
885 3503 979 3556 Galen.
995 3505 1023 3556 iu
1035 3505 1173 3569 Suasoris,
1188 3516 1251 3557 tom.
1267 3505 1306 3568 11,
1324 3523 1350 3557 c.
1363 3511 1393 3570 4,

336 3575 485 3642 historiam,
499 3579 603 3644 Cicero,
612 3577 646 3632 de
656 3579 744 3634 Finib.
756 3581 840 3643 lilav.
884 3602 944 3655 pag.
961 3584 987 3637 5,
1001 3583 1089 3635 Haeo.

336 3675 362 3724 p.
380 3658 433 3722 284
443 3679 450 3720 3
461 3655 589 3711 Herodot.
603 3659 710 3724 Thalia,
724 3661 771 3714 lib.
789 3663 841 3727 111,
925 3670 970 3734 47.
982 3664 1134 3717 Consuetudo
1140 3663 1220 3732 uulgi.
1229 3663 1288 3726 Qua
1298 3681 1396 3734 nempe

336 3753 408 3788 nuru.
423 3743 466 3802 qo,
478 3756 504 3808 p.
521 3740 583 3806 178.
598 3738 748 3810 Elegantius
761 3758 840 3812 quam
883 3761 933 3812 pro
953 3743 1029 3795 arrha
1050 3742 1163 3796 dabutur
1182 3741 1277 3794 anulus
1294 3743 1323 3796 in
1341 3761 1395 3794 em-

336 3817 440 3880 eaeteri,
454 3817 546 3868 Valer.
558 3817 628 3870 Max.
637 3819 736 3884 liuvl,
748 3837 837 3892 capp,
883 3823 990 3890 ptioue,
1000 3839 1139 3894 quousque
1151 3821 1271 3892 pretium
1280 3822 1395 3874 solvere·

334 3912 362 3963 p.
377 3895 450 3964 3¹²9:
468 3895 577 3951 ·Semel
590 3897 723 3968 Polycrati
736 3897 841 3953 dumta·
884 3913 942 3965 mr,
965 3920 1047 3973 quum
1071 3921 1126 3955 uon
1150 3911 1218 3954 esset
1241 3901 1318 3953 arrha
1341 3901 1393 3953 alia
1414 3893 1417 3898 ¹

335 3985 378 4024 rat
397 3977 501 4028 vultum
521 3976 624 4028 fortuna
638 3979 839 4050 mutarit,per·
883 3982 1033 4051 promptior
1052 3980 1087 4034 ad
1104 3996 1222 4034 manum.
1237 3981 1324 4044 Quem
1339 3981 1394 4032 lio-

333 4069 411 4120 quam
431 4055 505 4108 brevi
527 4055 636 4108 tristitia
656 4053 763 4110 salebra'
779 4077 837 4111 sue·
884 4059 955 4111 mani
972 4078 1093 4126 morem,
1112 4059 1219 4132 opinor,
1235 4060 1347 4111 hausere
1359 4062 1394 4111 ab

332 4145 435 4184 cussum
457 4152 463 4186 :
491 4147 553 4188 tuno
579 4153 661 4205 quum
692 4135 837 4191 admodum
884 4138 1015 4196 Hebraeis,
1034 4143 1109 4212 cujus
1125 4138 1197 4193 haud
1217 4140 1328 4192 obseura
1348 4157 1394 4191 ve·

332 4223 433 4278 pratum
443 4213 491 4266 sihi
502 4215 609 4268 anulum
622 4215 654 4268 de
667 4213 797 4270 industria
808 4218 835 4268 in
883 4219 957 4286 stigio
975 4218 1002 4271 in
1020 4220 1198 4276 monumentis
1218 4218 1284 4270 sueri
1310 4218 1392 4269 Moris
