3100 5125
375 471 425 570 9⁶
650 477 689 544 c.
715 476 885 547 rnruu
909 476 1016 547 uir.
1043 476 1170 545 nisu.

376 605 503 691 millum
524 607 754 703 triumphasse.
784 614 856 679 Hac
885 607 1044 705 religione
1065 609 1164 677 etiam
1194 632 1282 678 nunc
1308 608 1382 679 addi
1404 610 1444 679 in

376 728 655 808 unguentacoenae
664 715 885 810 triumphalis,
895 714 1194 785 etacensoribusin
1203 716 1443 810 primisJovem

376 820 581 889 miniandum
596 819 706 890 locari.
715 824 820 916 Cujus
837 824 883 892 rei
900 846 1032 891 causam
1042 821 1194 915 equidem
1212 822 1444 917 mirorzquan-

375 950 476 1021 quarn
500 941 534 996 et
555 926 654 998 hodie
688 926 722 996 id
752 931 861 1023 expeti
883 942 1013 997 constat
1040 912 1255 1021 AEthiopum³
1286 927 1444 1023 populis,

378 1046 531 1127 totosque
545 1058 585 1102 eo
599 1034 684 1128 tingi
698 1058 869 1128 proceres,
887 1034 1042 1128 huncque
1057 1031 1167 1127 ibique
1180 1033 1318 1102 deorum
1342 1036 1445 1103 simu-

376 1137 473 1208 locris
493 1137 639 1208 colorem
657 1164 737 1209 esse.
761 1142 976 1236 Quapropter
988 1138 1181 1234 'diligentius
1202 1163 1444 1234 persequemur

375 1246 486 1314 omnia
503 1244 545 1314 de
562 1269 612 1315 eo.

345 1373 357 1408 1
429 1353 608 1420 XXXVII.
634 1350 900 1446 Theophrastus¹
931 1374 976 1421 xc
998 1351 1092 1419 annis
1110 1346 1205 1419 unte’
1228 1349 1444 1420 Praxibulum

376 1457 626 1526 Atheniensium
646 1459 874 1553 magistratum
902 1449 1014 1552 (quod
1039 1471 1169 1551 tempus
1194 1457 1264 1525 exit
1288 1458 1322 1525 in
1349 1457 1444 1545 urhis

377 1578 498 1632 nostrae
515 1548 661 1633 ccxnrx³
680 1556 831 1652 annum)
850 1563 951 1634 tradit
961 1564 1131 1632 inventum
1149 1562 1285 1631 minium
1301 1586 1321 1630 a
1336 1562 1444 1632 Callia

376 1659 593 1761 Athenienses,
613 1670 706 1739 initio
728 1684 881 1764 sperante
904 1694 1022 1739 aurum
1052 1693 1147 1764 posse
1177 1670 1314 1763 excoqui
1339 1693 1444 1738 arena

377 1776 517 1845 rubente
535 1777 569 1844 in
586 1773 726 1846 metallis
753 1778 882 1870 argenti
902 1801 910 1844 :
929 1776 1017 1844 hane
1046 1774 1146 1843 fuisse
1172 1776 1333 1868 originem
1357 1774 1442 1867 ejus.

377 1883 530 1975 Reperiri
548 1896 658 1950 autem
676 1882 744 1975 jam
763 1896 835 1951 tum
852 1885 886 1951 in
904 1882 1062 1975 Hispania
1073 1869 1097 1967 ⁴,
1115 1879 1171 1949 sed
1187 1880 1306 1949 durum
1322 1895 1356 1951 et
1370 1904 1444 1951 ure·

377 2012 495 2056 uosum
511 2013 519 2056 ε
536 1989 614 2057 item
624 1988 713 2083 apud
725 1986 869 2059 Colchos
883 1990 917 2057 in
937 2013 1019 2085 rupe
1036 1986 1178 2081 quadam
1198 1988 1380 2072 inaccessa,
1398 2012 1442 2057 ex

376 2117 441 2188 qua
458 2094 643 2187 jaculantes
664 2094 881 2164 decuterent:
907 2093 940 2163 id
956 2118 1025 2163 esse
1044 2090 1230 2161 adulterum
1248 2117 1256 2159 :
1276 2095 1441 2188 optimum

376 2223 457 2268 vero
472 2225 571 2296 supra
585 2200 755 2294 Ephesum
772 2186 946 2271 Cilbianis⁵
961 2202 1059 2294 agris.
1076 2201 1220 2268 hrenum
1239 2200 1331 2269 coeci
1349 2198 1442 2271 colo·

375 2366 452 2440 ὅπως
473 2380 514 2432 τὸν
538 2376 736 2463 tpsepdsurosre
757 2381 887 2449 χρίσαντες
931 2377 1060 2431 duntaxat
1071 2374 1220 2431 CCXLIX.
1233 2379 1325 2449 Itaque
1337 2390 1443 2431 mutere

373 2456 530 2529 κινναίοὶριι,
545 2466 571 2510 tt
590 2460 634 2513 καὶ
647 2454 783 2530 σινωπιδὶῳ
803 2454 832 2511 dl
849 2458 887 2528 tq’
932 2456 1077 2529 quidquem
1093 2468 1138 2509 sut
1152 2456 1285 2520 Plinium,
1298 2458 1372 2509 libris
1383 2459 1443 2528 ejus

375 2540 485 2611 ἅρματος
502 2539 584 2600 leber.
608 2565 620 2586 ι
635 2537 779 2605 Quomodo
792 2539 887 2592 trium·
929 2538 1034 2603 invitis,
1048 2535 1107 2590 falsi
1126 2554 1269 2608 coarguere
1288 2536 1316 2590 iu
1336 2537 1442 2591 ratione

372 2620 516 2690 pheturum
531 2619 663 2672 illineutes
675 2619 775 2681 minio,
793 2619 834 2672 vel
850 2620 884 2671 si·
931 2630 1081 2689 temporum
1112 2635 1166 2669 uun
1195 2615 1333 2670 audemus.
1360 2617 1442 2670 Hune

372 2699 526 2768 nopide‚in
543 2698 830 2768 currumimponant.·
847 2698 881 2752 II.
925 2697 1017 2750 locum
1048 2707 1209 2767 praepostere
1238 2695 1362 2749 emendat
1391 2696 1444 2750 Ca·

415 2779 442 2832 3.
462 2777 615 2847 AEtlriopum.
637 2777 730 2829 Simile
748 2775 885 2848 estquod
928 2776 1003 2829 saub.
1024 2776 1051 2828 in
1064 2775 1200 2848 Theophr.
1218 2775 1298 2830 Char.
1312 2795 1373 2847 pag.
1392 2793 1440 2846 17.

374 2854 409 2908 de
443 2856 539 2910 Gothis
561 2855 643 2908 refert
668 2854 763 2908 Isidor.
790 2856 882 2928 Origg.
928 2855 962 2909 II.
975 2855 1178 2910 -chtht
1194 2854 1287 2910 Sioed.
1302 2855 1439 2927 princeps.

374 2935 454 3000 XIX,
471 2935 525 2988 23:
544 2935 713 2987 ‹Nonnullss
728 2937 807 2988 etium
823 2955 884 3005 gen·
927 2933 1000 2989 Brut.
1033 2948 1093 3006 post
1123 2935 1269 2988 Barbarum
1298 2933 1440 3001 emendat,

374 3026 413 3067 tes
425 3033 480 3067 non
496 3015 583 3067 solum
598 3015 625 3067 in
641 3013 773 3079 vestibus,
792 3013 838 3068 sed
856 3028 884 3068 et
929 3014 1103 3068 CCCXLIX.
1115 3015 1166 3066 En.
1211 3059 1213 3063 .

374 3094 528 3166 incorpore
542 3093 629 3164 aliqua
641 3094 690 3146 sihi
701 3094 809 3166 propria
821 3111 883 3164 qua·
969 3099 994 3157 I.
1005 3095 1114 3164 Reperiri
1126 3105 1204 3146 autem
1212 3096 1265 3164 jam
1281 3105 1329 3146 tum
1347 3095 1372 3145 iu
1389 3093 1440 3145 Hi-

373 3174 395 3226 si
416 3174 531 3244 insignia
550 3172 700 3239 vindicant,
720 3187 750 3226 ut
762 3171 884 3228 videmus
928 3177 1021 3244 spania.
1034 3175 1211 3245 Theophrast.
1230 3173 1281 3226 loo.
1297 3174 1340 3226 eit.
1356 3174 1438 3227 Abru-

374 3253 457 3306 rirros
483 3253 695 3318 Germanorum,
732 3271 830 3324 gmnos
857 3266 885 3308 et
927 3255 982 3324 quir
994 3254 1037 3324 pls
1052 3257 1079 3308 τὸ
1093 3255 1148 3324 περὶ
1161 3247 1440 3323 Ῑὸηρίανσνληρδναφό-

374 3333 501 3386 cinnabar
509 3333 669 3386 Gothorum.
684 3357 695 3380 ι
711 3333 804 3385 Iliun.
927 3329 977 3403 ripe
993 3334 1034 3386 sul
1053 3329 1164 3394 intutis.
1191 3329 1272 3397 Quod
1295 3331 1330 3385 de
1350 3331 1439 3386 Iberia

413 3413 556 3466 XXXVII.
574 3431 598 3465 r.
620 3413 803 3484 Theophmsmr.
820 3413 884 3466 Heu
928 3413 1052 3468 Colchica
1080 3413 1264 3483 Daleoarnpius
1295 3429 1439 3484 perperam

373 3491 512 3563 Theophr.
530 3493 577 3544 Iih.
594 3493 649 3563 erpi
660 3493 743 3556 titos,
754 3511 816 3564 pag.
832 3511 885 3557 aa,
928 3491 1033 3563 accipit.
1048 3522 1086 3533 —-
1098 3493 1219 3563 Reperiri,
1237 3504 1286 3545 etc.
1303 3491 1346 3544 sie
1357 3491 1439 3544 etiem

374 3589 432 3641 qne
443 3572 886 3642 hocuepite37totoeontinentur
927 3570 991 3623 libri
1011 3571 1088 3625 MSS.
1109 3570 1183 3636 Quid
1206 3571 1227 3622 si
1252 3589 1333 3641 porro
1351 3569 1440 3642 legas,

374 3650 485 3705 totidem
497 3652 594 3704 verbis·
606 3652 697 3704 Henn.
931 3677 942 3698 ι
953 3650 1073 3722 Reperiri
1094 3664 1183 3704 autem
1201 3650 1320 3702 nativum
1341 3650 1369 3702 in
1388 3649 1440 3702 IIi-

416 3749 442 3784 s.
456 3730 684 3782 AntePrueibulum
693 3731 879 3783 Atheniensium.
927 3731 1017 3801 spanis
1032 3755 1044 3777 ι
1055 3729 1066 3782 i
1079 3729 1215 3802 Theophr.
1238 3729 1310 3782 enim
1325 3726 1381 3800 erupi
1401 3728 1440 3783 tt·

373 3809 518 3862 Praxibulo
529 3809 644 3862 Athenis
653 3811 787 3879 rempubl.
797 3808 882 3862 admi·
924 3813 983 3873 dus,
991 3809 1126 3878 Δὺτοφυὶς,
1138 3809 1237 3880 inquit,
1249 3821 1299 3861 etc.
1313 3809 1404 3861 lino.

373 3888 510 3944 uisnenre.
523 3889 624 3942 Dauo.
643 3921 682 3932 —
699 3889 882 3959 Magistmtum.
968 3890 994 3943 5.
1015 3889 1142 3943 Cilbianis.
1163 3889 1270 3942 DIctum
1291 3887 1325 3942 de
1345 3887 1387 3941 his
1401 3887 1439 3952 V,

373 3969 511 4023 Archonts
523 3969 734 4022 Atheniensium.
751 3969 842 4022 Huun.
927 3969 1185 4034 sr.virruv.vt1‚8‚
1196 3987 1224 4040 p.
1239 3974 1312 4031 140:
1327 3969 1438 4038 -Ingre-

414 4047 441 4101 3.
458 4048 609 4104 CCXLIX.
624 4048 655 4101 Iu
667 4048 744 4100 Iihris
753 4047 831 4102 editis
843 4062 883 4102 et·
926 4045 985 4101 diar
1004 4065 1076 4102 nunc
1096 4049 1173 4101 minii
1192 4048 1308 4101 rationes
1325 4047 1439 4118 explica·

373 4145 426 4198 que
450 4125 518 4181 adeo
538 4147 618 4182 mann
638 4127 768 4193 exuretis,
786 4127 883 4200 legitur
926 4145 987 4179 re·
1004 4127 1037 4180 Id
1052 4139 1141 4182 sutem
1153 4151 1165 4174 ι
1178 4128 1247 4198 egris
1257 4127 1437 4196 Ephesiorum
