3100 5125
318 538 387 605 aab
587 534 625 600 C.
652 526 816 599 PLlNll
841 529 947 599 Nat.
975 525 1102 597 HIST.

316 684 468 739 auctores
486 665 712 760 prodiderunt.
734 663 849 756 Magni
869 663 1014 756 Pompeii
1033 664 1066 730 in
1087 664 1184 732 tertio
1205 663 1378 734 consulatu

316 789 420 844 exstat
445 772 608 853 edictum,
630 771 665 838 iu
683 767 829 837 tumultu
847 769 936 836 necis
956 765 1142 856 Clodianoe,
1167 770 1377 863 prohibentis

317 880 419 950 ullum
440 877 541 948 telum
565 900 635 946 esse
651 877 686 942 in
706 874 798 942 urbe.

369 988 442 1055 XL.
464 987 507 1052 Et
528 998 637 1051 tamen
656 982 724 1048 vita
747 982 818 1074 ipsu
842 1003 909 1046 non
930 977 1050 1047 defuit¹
1069 977 1250 1050 honorem²
1271 983 1380 1051 mitio·

320 1119 388 1161 rem
408 1090 530 1157 habere
550 1087 638 1156 ferro
655 1111 797 1179 quoque.
819 1069 1041 1153 Aristonidss³
1060 1086 1178 1154 artifex
1198 1110 1300 1181 quum
1319 1112 1381 1156 ex-

322 1200 463 1293 primore
478 1193 577 1262 vellet
587 1192 799 1265 'Athamantis
815 1190 959 1258 furorem
981 1192 1132 1261 Learcho
1148 1191 1216 1260 filio
1231 1195 1381 1288 praecipi·

321 1320 391 1372 tato
411 1286 627 1371 residentem⁴
645 1297 855 1391 poenitentin,
882 1319 944 1380 aes,
970 1297 1160 1392 ferrumque
1178 1299 1325 1386 miscuit,
1344 1312 1383 1366 ut

322 1410 473 1502 rubigine
493 1408 563 1498 ejus
587 1428 647 1499 per
671 1404 812 1484 nitorem
841 1404 914 1471 aeris
939 1401 1126 1490 relucente,
1143 1407 1384 1498 exprimeretur

322 1511 526 1584 verecundiae
551 1511 662 1579 rubor.
688 1513 762 1577 Hoc
790 1509 918 1601 siguum
945 1524 1051 1578 exstat
1070 1511 1193 1580 Thebis
1221 1510 1383 1580 hodierno

321 1623 383 1690 die.
404 1623 464 1689 Est
490 1621 523 1686 in
547 1616 662 1686 eadem
689 1614 772 1683 urbe
797 1630 829 1681 et
851 1613 976 1684 ferreus
999 1615 1158 1686 Hercules
1180 1641 1278 1710 quem
1305 1615 1385 1685 fecit

322 1712 455 1814 Alcon⁵,
476 1723 627 1793 laborum
642 1722 694 1790 dei
710 1721 866 1814 patientie
880 1718 1213 1791 inductus.Videmus
1224 1736 1257 1790 et
1268 1723 1385 1791 Romus

324 1832 466 1927 scyphos
483 1855 502 1899 e
515 1830 603 1897 ferro
611 1827 740 1896 dicatos
751 1828 785 1892 in
793 1825 919 1919 templo
929 1813 1065 1896 Martis⁵
1077 1828 1214 1897 Ultoris.
1229 1827 1384 1898 Obstitit⁷

326 1974 447 2027 maehum
460 1970 508 2025 lib.
524 1968 568 2031 ΙΙ,
582 1989 625 2041 ep.
644 1989 709 2022 xxrr.
724 1969 778 2022 Gr.
797 2000 835 2011 -
877 1981 966 2023 autem
987 1971 1100 2040 ¹scopulo
1120 1970 1298 2026 deturbatum.
1313 1973 1385 2026 Das.

328 2057 443 2106 intutum.
457 2050 568 2104 Minime
586 2061 685 2102 tutum.
696 2049 741 2102 Sic
756 2048 835 2101 etium
878 2077 918 2088 -
929 2050 1044 2102 Learcho.
1065 2051 1155 2108 Exstat
1169 2050 1240 2122 apud
1251 2051 1385 2106 Nasonem

328 2134 405 2187 MSS.
419 2132 485 2184 Sunt
500 2129 658 2201 quiretiusm
674 2128 775 2180 malint.
795 2127 839 2178 In·
878 2127 1099 2193 fabula,llletam.
1108 2133 1159 2196 IV,
1169 2133 1232 2200 467.
1246 2130 1334 2182 Hmn.

329 2227 404 2264 intrim
421 2210 514 2262 Tacito
538 2207 634 2272 semel,
660 2206 754 2277 saepius
777 2209 839 2257 Am·
922 2209 1048 2261 smum.
1063 2210 1187 2262 Meminit
1205 2211 1283 2281 hujus
1294 2210 1321 2262 in
1336 2212 1388 2264 La·

330 2291 417 2345 miano
431 2297 555 2358 usurpata
568 2305 627 2339 vox.
641 2285 755 2339 ll.-Et
764 2286 837 2356 strio.
879 2287 978 2339 conicis
987 2287 1138 2351 Pausanias,
1157 2301 1183 2341 et
1197 2285 1390 2359 Hippocoontis

331 2373 403 2424 Brot.
419 2386 451 2420 ex
465 2366 507 2419 ed.
521 2383 563 2435 pr.
576 2377 600 2416 et
612 2383 665 2416 cum
678 2365 749 2436 stylo.
761 2366 816 2416 Eu.
880 2367 966 2418 filiurn
976 2381 1051 2420 vocat
1061 2386 1068 2420 :
1080 2369 1150 2420 Nuso
1161 2385 1269 2439 quoque
1277 2370 1387 2422 Metam.

370 2448 427 2501 XL.
451 2447 579 2500 1.Den'ie.
595 2446 672 2496 Voss.
694 2443 781 2510 defuit.
802 2443 840 2494 Ut
883 2446 965 2508 xln,
982 2445 1055 2500 683:
1078 2447 1143 2500 .itti
1158 2448 1328 2502 fabricarent
1345 2449 1390 2500 At-

332 2527 454 2592 Tacitus,
472 2526 540 2579 liist.
555 2525 602 2577 lib.
619 2524 660 2576 lv
675 2542 682 2575 ε
701 2549 711 2569 ι
726 2522 781 2575 Nec
793 2520 839 2574 de·
882 2542 933 2577 cun
945 2525 1062 2596 hylem,
1073 2539 1097 2580 et
1109 2527 1189 2598 longo
1202 2529 1335 2581 celaverat
1347 2547 1390 2581 ar-

333 2622 389 2661 crnt
399 2606 581 2677 egentissimus
599 2604 711 2674 quisque
729 2621 744 2655 e
762 2602 841 2671 plebe
883 2618 1041 2673 gumento.»
1059 2607 1114 2659 Nisi
1131 2606 1200 2660 forte
1215 2608 1258 2659 hic
1276 2608 1389 2660 Nasonis

334 2702 362 2740 et
387 2684 500 2756 piissimi
527 2683 697 2737 servitiorum
725 2678 842 2751 prodere
886 2683 968 2735 Alcon
979 2686 1143 2756 argentarius
1151 2685 1225 2739 faber
1237 2698 1286 2749 est,
1298 2688 1332 2739 ab
1341 2687 1389 2741 illo

334 2768 406 2821 ultro
419 2762 488 2816 dites
501 2761 649 2815 dominos.»
665 2761 747 2813 Item:
764 2786 774 2807 ι
788 2761 842 2811 Nec
885 2762 993 2815 ferrario
1004 2763 1132 2819 diversus.
1143 2764 1236 2819 lirun.

336 2845 426 2898 deerat
446 2844 502 2913 ipse
525 2840 635 2911 stipatus
652 2839 773 2902 ermetis,
793 2836 842 2890 do·
927 2846 952 2895 6.
968 2842 997 2893 In
1014 2845 1099 2914 templo
1111 2845 1207 2898 utaris.
1218 2848 1248 2899 ln
1260 2848 1319 2899 iuro
1334 2849 1390 2901 Au·

335 2942 394 2976 mos
415 2922 557 2990 hortosque
577 2932 746 2989 permutans,
762 2936 844 2988 rppu-
885 2922 954 2991 gusti
964 2960 972 2989 ,
984 2922 1092 2992 regione
1104 2923 1185 2977 Urbis
1195 2938 1294 2979 octava.
1309 2926 1343 2980 Η.

337 3015 412 3065 ratu,
427 3002 528 3052 incessu
539 3037 547 3061 ‚
557 2998 675 3051 excubiis
685 3036 693 3065 ,
703 2996 756 3049 vim
770 2996 843 3067 priu-
927 3018 955 3069 7.
968 3000 1079 3057 Obstitit.
1089 3002 1130 3055 Ne
1140 3003 1211 3057 bunc
1221 3005 1291 3058 lerro
1304 3006 1394 3059 mitio·

337 3080 407 3153 cipis
417 3077 583 3147 complecti.-
601 3076 692 3130 Grrou.
887 3096 944 3131 rem
954 3080 1083 3135 bonorem
1093 3083 1145 3134 rita
1158 3084 1281 3149 haberet,
1292 3084 1327 3138 de
1337 3104 1393 3157 quo

382 3180 408 3211 s.
429 3159 559 3209 Honorem.
586 3154 628 3208 sd
647 3153 764 3207 mitiores
786 3174 846 3207 usus
888 3156 989 3210 dictum
1006 3174 1044 3213 cst
1054 3160 1130 3214 initio
1142 3162 1220 3233 hujus
1229 3164 1393 3235 capitis,ob·

341 3237 499 3297 adsciscere,
511 3234 628 3306 exempli
642 3234 742 3304 grstia,
756 3234 790 3286 ad
800 3248 848 3285 seo·
889 3236 954 3290 stitit
969 3256 1019 3309 pro
1037 3258 1083 3293 sua
1102 3240 1263 3311 benignitate
1285 3255 1394 3307 nature.

342 3333 413 3383 tiras,
426 3315 460 3369 ele
471 3316 570 3387 quibus
580 3314 668 3369 statim
684 3312 796 3367 dicetur.
812 3315 846 3367 H.
890 3328 946 3369 trun
965 3316 1073 3372 inducta
1090 3320 1161 3373 ferro
1183 3323 1304 3393 rubigine
1322 3323 1396 3377 velut

384 3384 762 3463 3.A1·m0nnas.tpr<mtta<.
778 3388 812 3445 li.
891 3394 918 3447 iu
931 3414 1052 3465 ponunt,
1067 3411 1122 3451 tum
1138 3400 1218 3455 simili
1233 3404 1288 3473 ejus
1305 3402 1393 3473 provi.

386 3483 411 3538 4.
426 3474 533 3525 Learcho
544 3470 602 3542 filio
618 3476 773 3542 precipitato
794 3478 850 3526 resi·
891 3472 980 3527 deutia
993 3476 1061 3529 nibil
1071 3478 1181 3531 iaciente
1190 3480 1217 3533 iu
1230 3482 1311 3534 rebus
1323 3501 1397 3535 mor·

344 3556 445 3607 dentem.
459 3552 584 3606 Athamas
600 3551 691 3605 furens
702 3552 850 3605 Learchum
891 3554 1004 3620 talibus,
1020 3574 1099 3627 mam
1117 3558 1191 3629 quod
1211 3574 1250 3613 est
1264 3560 1399 3615 infestissi-

345 3653 378 3688 cx
386 3630 722 3695 monitumnonitum
734 3632 849 3696 necavit,
892 3650 965 3685 mum
973 3636 1282 3708 mortalitati,etplenum
1290 3639 1398 3693 laboris.

344 3712 415 3767 idem
434 3712 552 3765 facturus
570 3709 604 3762 de
623 3722 709 3763 matre
726 3721 753 3762 st
766 3710 850 3765 altero
892 3711 982 3776 Qusre
992 3731 1006 3764 a
1017 3714 1168 3769 mitioribus
1177 3717 1228 3771 iliis
1238 3718 1340 3773 artibus
1349 3720 1400 3771 ier·

346 3793 403 3845 lilio
412 3792 562 3853 Meucern,
573 3789 625 3841 nisi
640 3807 673 3841 eo
683 3787 712 3839 in
722 3789 797 3841 ulnas
812 3809 851 3843 re·
891 3808 952 3843 rum
968 3790 1158 3847 traducendum
1173 3794 1206 3849 ad
1220 3796 1313 3857 sulces.
1330 3798 1399 3867 ligo·

346 3884 423 3943 cepto
442 3869 607 3941 precipitem
623 3869 712 3919 lnose
729 3868 757 3919 iu
777 3887 850 3922 mare
892 3888 939 3923 nes
958 3870 1061 3942 aliaque
1083 3874 1272 3941 instrumenta,
1301 3877 1400 3947 quibus

342 3952 455 4018 jecisset.
481 3949 572 4014 Quare
592 3947 637 3999 hic
653 3945 850 4017 precipitatum
893 3948 997 4003 arbusta
1021 3952 1145 4018 serimus,
1166 3954 1292 4024 ponimus
1308 3974 1400 4027 poma·

343 4029 507 4091 Learchum,
523 4045 584 4079 saxo
603 4025 750 4091 inflictum,
769 4027 850 4081 etsie
893 4028 948 4093 ria,
962 4028 1088 4084 cudimus
1098 4050 1172 4097 susa,
1185 4045 1234 4087 etc.
1250 4034 1284 4085 tt.
1297 4066 1335 4077 --
1350 4034 1402 4087 Ob·

342 4110 459 4162 occisum
480 4106 627 4176 intelligere
648 4116 771 4177 oportet,
793 4125 847 4159 non
892 4111 962 4161 stitit.
975 4108 1058 4163 Gron.
1073 4125 1099 4164 et
1112 4110 1154 4165 Al.
1170 4111 1272 4167 obsistit.
1287 4114 1339 4169 Eo.
