3100 5125
292 532 297 543 ·
363 517 433 615 476
628 523 665 588 o.
693 521 859 590 rotun
885 521 991 590 usn.
1021 520 1154 600 nisu.

326 669 342 719 5
414 654 498 722 Sunt
524 668 559 720 et
584 650 638 719 ulii
662 650 748 735 duo,
770 677 856 721 unus
881 677 900 721 a
924 653 1067 720 Smarre'
1086 637 1255 746 positus¹³,
1277 651 1362 721 alter
1383 654 1423 721 uh

364 746 537 852 Emphio¹⁴
549 760 619 826 sine
637 743 765 843 notis¹⁵‚
778 758 1025 852 quadragenum
1047 771 1203 826 octonum
1224 758 1422 828 cubitorum.

363 864 568 934 Alexandria
587 865 699 933 statuit
716 888 819 932 unum
840 866 1010 958 octoginta
1023 863 1210 932 cubitorum
1228 863 1425 933 Ptolemaeus

363 970 610 1064 Philadelphus,
619 995 717 1064 quem
731 971 899 1039 exciderat
907 955 1092 1039 Nectabis¹⁶
1108 993 1165 1038 rex
1178 969 1340 1065 purum¹⁷:
1357 995 1423 1040 ma·

359 1077 478 1170 jusque
499 1101 583 1171 opus
602 1075 664 1144 luit
677 1078 711 1144 iu
728 1076 922 1146 devehendo
941 1075 1156 1144 statuendove
1179 1074 1303 1162 multo,
1324 1101 1422 1170 quam

362 1185 396 1250 in
414 1182 605 1252 excidendo.
624 1185 653 1251 A
673 1168 822 1275 Satyro¹⁸
837 1179 1019 1251 architecto
1042 1180 1141 1275 aliqui
1165 1181 1339 1251 devectum
1359 1198 1424 1251 tru-

363 1288 447 1359 dunt
455 1303 543 1359 rote:
556 1287 798 1358 Callisthenes3⁹
814 1289 1014 1376 aPhoenicc‚
1029 1286 1116 1356 fossa
1127 1287 1313 1382 perducta²⁰
1322 1314 1425 1383 usque

293 1514 297 1524 .
404 1473 450 1528 13.
467 1474 495 1527 A
508 1463 604 1526 Smarre
619 1476 720 1544 positus.
738 1474 780 1526 Ne
791 1473 870 1543 hujus
914 1472 1232 1544 TachogacMendesio,
1245 1492 1425 1544 quemregem

267 1606 270 1613 ,
361 1552 486 1626 quidem,
500 1553 684 1623 autEraphii,
702 1551 886 1618 Nectuhidis,'
915 1551 1128 1623 designaverant,
1156 1571 1267 1623 regnum
1300 1553 1425 1606 obtinuit.

361 1633 561 1704 Mespheoeqne,
572 1633 619 1704 qni
629 1632 681 1685 hoc
690 1631 777 1702 capite
786 1633 872 1686 nomi·
915 1633 983 1685 Dar..
999 1663 1039 1678 -
1052 1632 1174 1685 Nectabis.
1193 1633 1248 1698 Qui
1262 1632 1380 1685 Eusebio
1399 1633 1426 1684 in

361 1725 460 1765 nentur
479 1713 549 1764 iuter
567 1712 677 1782 AEgypti
699 1730 791 1783 reges,
818 1712 872 1764 nlla
916 1710 1051 1764 Chronico
1074 1711 1245 1774 Nectauehis‚
1267 1714 1344 1782 cujus
1367 1723 1426 1764 atas

360 1791 433 1862 apud
454 1790 635 1858 Herodotum,
657 1802 703 1844 ant
721 1789 872 1844 Diodorum
916 1789 1059 1844 Alexandri
1073 1791 1162 1863 Magni
1185 1803 1305 1862 tempora
1327 1791 1371 1844 vix
1393 1811 1426 1843 xc

361 1871 471 1926 mentio.
485 1872 605 1924 Dau.—
618 1871 645 1922 A
665 1870 770 1923 Smarre.
788 1870 872 1922 Eum·
915 1871 992 1923 annis
1005 1872 1151 1924 antecessit
1165 1871 1199 1922 H.
1215 1871 1348 1940 -Qaers
1366 1874 1427 1922 esai·

361 1948 423 2003 dem
438 1951 512 2003 huuc
525 1969 580 2003 esee
589 1947 697 2021 qnidam
713 1949 873 2013 existimant,
915 1951 985 2002 derat
996 1950 1119 2003 Nectabis.
1131 1950 1205 2003 hrot.
1217 1967 1249 2002 ex
1259 1949 1334 2002 MSS.
1346 1951 1425 2020 Regg.

361 2030 564 2101 quissusehioin
576 2029 710 2083 Chronico
718 2031 870 2084 Ammerres
919 2048 951 2095 a,
972 2029 1003 2094 3,
1023 2028 1087 2083 edit.
1106 2029 1192 2100 princ.
1216 2029 1425 2084 nasoniano.

361 2110 483 2180 AEthiops
495 2109 652 2178 appellator.
664 2107 698 2160 Η.
712 2139 752 2150 -
765 2107 870 2163 Smarre.
915 2109 1092 2160 excidenteum
1100 2108 1233 2163 Necthebis.
1245 2110 1271 2160 Is
1280 2109 1427 2180 appellatur

361 2189 435 2241 Brot.
448 2206 481 2242 ex
490 2188 568 2240 MSS.
580 2190 661 2258 segg.
675 2188 868 2243 Amba-osiana
916 2189 1081 2242 Nectauehus
1095 2207 1112 2242 a
1124 2188 1250 2243 Cornelio
1265 2188 1387 2258 Nepote,
1399 2189 1425 2240 in

361 2279 388 2320 et
401 2266 464 2320 edit.
478 2267 566 2337 princ.
582 2288 598 2318 a
612 2269 725 2321 Zmarre.
740 2267 820 2320 Forte
834 2279 872 2320 est
916 2267 1040 2322 chabria.
1056 2269 1106 2320 En.

360 2347 500 2410 Psammis,
523 2359 598 2418 pater
618 2348 687 2418 regis
702 2345 818 2417 burim,
837 2346 872 2402 de
958 2365 1003 2417 ¹7·
1018 2349 1118 2400 Puram.
1135 2345 1168 2399 Id
1188 2359 1243 2409 est,
1263 2347 1321 2399 sine
1339 2347 1424 2408 notis,

363 2445 418 2498 quo
431 2424 562 2489 Herodot.
575 2427 627 2478 Eo.
839 2491 841 2496 ,
916 2426 1426 2499 authieroglyphiciscasacterihusNox

404 2512 449 2569 ¹⁴·
460 2507 503 2558 Ab
513 2507 631 2577 Erupbs'a.
641 2506 695 2573 Qui
704 2505 827 2579 Uaphses
838 2508 872 2559 ab
915 2506 987 2559 Brot.
999 2525 1032 2558 ex
1045 2505 1108 2560 edit.
1122 2506 1207 2576 princ.
1218 2507 1298 2578 Regg.
1313 2505 1390 2559 MSS.
1401 2518 1428 2558 et

360 2586 476 2640 Eusebio
487 2587 516 2639 in
530 2585 665 2641 Chronico
675 2588 833 2658 appellatur,
842 2599 873 2640 ut
915 2587 1055 2640 heuzonic.
1074 2614 1085 2635 ι
1101 2589 1239 2657 majusque
1251 2606 1319 2657 opus
1338 2587 1366 2638 iu
1380 2585 1425 2637 de·

361 2666 484 2719 nonnulli
508 2678 611 2738 putant.
630 2668 668 2719 tt.
690 2698 731 2709 ·-
750 2668 871 2737 Erapbr'a.
916 2664 1036 2719 vehendo
1059 2664 1232 2719 statuendove
1253 2666 1340 2718 multo
1361 2666 1425 2729 fuit,

361 2747 446 2799 Gron.
463 2758 491 2798 et
503 2746 544 2798 nl.
557 2759 619 2799 ante
639 2744 722 2799 llard.
741 2746 872 2817 Empbs'to.
916 2736 995 2817 quain
1007 2785 1015 2809 ,
1028 2757 1080 2798 etc.
1094 2772 1105 2793 ι
1123 2748 1174 2800 Eo.

362 2826 436 2878 Brot.
461 2840 495 2877 ex
517 2825 631 2879 Pintian.
653 2826 818 2879 Ambrosiam
843 2846 873 2891 a,
914 2849 916 2855 ·
960 2828 1005 2880 rs.
1019 2826 1047 2877 A
1059 2826 1157 2897 Satyro.
1172 2826 1258 2890 Quem
1272 2824 1307 2877 de
1323 2824 1427 2877 Mauso·

363 2906 444 2975 Regg.
464 2924 495 2968 a,
521 2904 552 2970 3,
572 2906 675 2975 Raphia.
693 2906 812 2977 Raphins
828 2905 874 2958 ille
917 2906 958 2957 leo
980 2904 1078 2957 librum
1104 2903 1253 2958 condidisse
1276 2916 1428 2957 auctorest

362 2982 433 3037 idem
442 2982 872 3057 videturesseacPharaoEphree‚
916 2984 1056 3038 Vitruvius
1066 2986 1093 3039 in
1105 2985 1182 3038 Pras.
1192 2983 1239 3036 lib.
1248 2985 1353 3053 vt1,p.
1368 2981 1427 3037 1²5.

363 3064 406 3116 vel
415 3062 538 3133 llophra,
549 3061 645 3135 dequo
654 3065 875 3131 toraminexarv,
917 3064 950 3117 Η,
962 3096 1001 3106 -
1009 3064 1142 3117 Ptolemoi
1152 3061 1261 3116 secundi
1272 3064 1429 3116 architectus

364 3142 409 3195 30.
417 3143 458 3194 Ab
468 3141 616 3206 Herodoto,
624 3144 671 3196 lib.
679 3146 716 3210 H,
725 3163 799 3197 num.
809 3148 874 3210 161,
917 3142 1089 3215 fuit'Satyrus
1098 3147 1113 3209 ,'
1124 3156 1151 3196 et
1163 3143 1324 3195 Philoterant
1337 3143 1427 3194 urbem

363 3221 461 3274 dicitnr
477 3222 580 3292 Aprica.
593 3224 646 3277 Eo.
916 3222 1133 3294 Troglodyticam
1151 3221 1299 3275 aedificavit.
1322 3221 1427 3282 Strabo,

407 3301 452 3355 1⁵.
475 3300 532 3354 Sine
553 3307 625 3355 natis.
653 3302 769 3368 Forsan,
798 3301 873 3374 quod
918 3303 967 3355 lib.
980 3303 1059 3367 XVI,
1072 3322 1132 3374 pag.
1148 3306 1212 3372 769.
1225 3303 1311 3354 Bnor.

354 3393 440 3451 ‘eraut
457 3381 627 3452 alienigenas,
641 3382 779 3454 AEthiopes
797 3383 874 3435 uimi-
961 3400 1005 3449 ¹9·
1027 3382 1195 3435 Callisthenes.
1215 3382 1258 3433 Sic
1280 3380 1357 3434 MSS.
1376 3398 1429 3431 nou

363 3479 441 3526 rom,
465 3464 643 3532 AEgyptorum
663 3462 876 3533 hieroglyphicas
921 3462 1076 3525 catuserias,
1093 3476 1121 3515 ut
1133 3460 1207 3515 editi.
1223 3460 1336 3531 Egimus
1350 3458 1384 3513 de
1399 3478 1428 3511 eo

363 3554 439 3593 nom
453 3540 527 3593 haud
538 3542 599 3597 satia
612 3540 709 3595 edocti.
723 3542 817 3595 Haeo.
920 3542 948 3594 iu
962 3543 1107 3593 Auctorum
1123 3540 1222 3595 Indice.
1244 3541 1278 3593 ll.
1296 3570 1337 3583 --
1356 3533 1429 3591 Calli-

407 3623 451 3672 16.
466 3621 589 3673 Nectabis.
604 3609 687 3691 Npud
701 3621 872 3683 Athenaeum,
917 3622 1018 3673 sthenes.
1030 3621 1103 3673 Brot.
1116 3638 1147 3673 er
1159 3621 1216 3673 MS.
1228 3621 1293 3691 neg.
1309 3620 1338 3679 5,
1353 3620 1430 3673 catu·

364 3719 421 3771 pag.
439 3718 506 3769 207,
521 3718 598 3754 versu
613 3720 644 3769 9,
660 3701 750 3752 Alexis
762 3699 875 3751 mentio·
918 3720 1000 3753 sertus.
1023 3700 1212 3754 Callisthenem
1236 3700 1308 3751 enim
1325 3696 1430 3751 occide·

363 3798 424 3831 nem
439 3779 501 3832 lacit
512 3780 661 3834 Neochahis
671 3780 739 3850 regis
752 3778 875 3850 AEgyptl,
918 3794 960 3835 rat
974 3778 1127 3833 Alexander
1138 3780 1266 3848 Magnus,
1279 3791 1309 3830 ut
1323 3790 1430 3830 testatur

365 3859 412 3928 qui
422 3859 536 3919 louassis
544 3860 589 3913 hic
600 3858 725 3913 Nectabis
733 3872 778 3912 est.
793 3855 875 3929 Apud
920 3859 1033 3923 Seneca,
1058 3860 1152 3911 Natus.
1176 3858 1273 3922 Qumst.
1302 3857 1352 3909 lib.
1374 3856 1429 3919 vl,

366 3938 553 4004 Plutarchum,
577 3941 605 3991 in
627 3938 763 4009 Agesilao,
782 3938 877 3991 Necta-
920 3958 977 4009 cap.
992 3934 1205 4008 a3,futeturque
1215 3938 1271 4007 ipse
1280 3934 1446 3989 llarduinus'

366 4017 441 4069 nabis
453 4019 535 4072 Taohi
550 4018 736 4089 AEgyptiorum
748 4018 817 4088 regis
829 4036 876 4087 pa·
920 4018 1000 4089 paulo
1013 4038 1093 4089 supra
1105 4037 1160 4088 cap.
1181 4023 1207 4081 4.
1224 4016 1276 4067 En.

367 4096 473 4158 truella,
487 4100 521 4151 ab
535 4116 568 4151 eo
584 4098 697 4165 defecit,
710 4116 877 4170 regnumque
964 4118 1006 4150 ao.
1027 4098 1103 4149 Fossa
1116 4098 1240 4167 perducta.
1257 4096 1344 4149 Fossa
1361 4094 1430 4147 illius

366 4177 480 4241 invasit,
508 4191 534 4230 et
564 4178 677 4249 Agesilai
707 4196 758 4248 ope
788 4179 876 4249 fugato
921 4175 1430 4248 vestigia,alopicidinisThebaicimas·
1544 4222 1545 4225 ,
