3100 5125
401 564 468 646 ¹40
661 566 702 634 C.
728 566 895 638 PLINII
919 566 1031 637 NAT.
1057 564 1185 633 HIST.

363 708 379 766 t
397 696 552 766 ditiarum
568 713 720 793 respectu
727 684 749 769 ⁸.
769 699 851 793 Ejus
867 701 930 769 tria
947 722 1090 795 genera:
1110 696 1305 781 candidum,
1319 712 1465 790 argento

397 804 505 872 nitore
524 826 624 899 quam
642 807 793 900 proxime
814 806 992 891 accedens,
1006 807 1040 874 in
1056 830 1122 899 quo
1140 802 1196 873 illa
1213 804 1353 887 mixtura
1365 826 1462 897 prae·

397 907 518 979 valuit:
533 908 671 979 alterurn
688 914 721 980 in
739 937 807 1008 quo
822 914 893 983 auri
912 911 1002 982 fulva
1018 925 1136 980 natura
1154 936 1161 978 :
1185 912 1318 980 tertium
1336 909 1369 976 in
1389 934 1461 1002 quo

397 1015 529 1109 aequalis
554 1020 702 1087 omnium
731 1022 906 1115 temperies
931 1018 1001 1089 tuit.
1022 1020 1151 1101 Praeter
1179 1016 1250 1087 haec
1272 1030 1341 1100 est,
1363 1015 1464 1107 eujus

397 1124 481 1190 ratio
508 1148 577 1193 non
603 1138 713 1219 potest
733 1126 844 1210 reddi,
867 1148 1054 1220 quanquam
1080 1124 1225 1191 hominis
1248 1144 1347 1191 manu
1370 1120 1461 1190 lacta

396 1227 523 1299 dederit
554 1229 687 1300 fortuna
722 1246 1020 1328 temperamentum
1060 1228 1235 1298 simulacro
1274 1229 1461 1321 signisque,

396 1332 476 1403 illud
485 1361 547 1405 suo
558 1336 670 1406 colore
685 1340 864 1432 pretiosum
879 1337 921 1407 ad
931 1338 1088 1432 jocinoris
1104 1337 1280 1430 imaginem
1300 1356 1459 1427 vergens,

395 1442 486 1533 quod
500 1442 575 1513 ideo
586 1444 781 1538 hepatizon⁹
793 1443 975 1539 appellant,
991 1440 1341 1538 proculaCorinthio:
1357 1437 1462 1533 longe

395 1559 507 1615 tamen
525 1564 602 1618 ante
620 1552 840 1644 AEgineticum
859 1566 957 1644 atque
980 1548 1171 1634 Deliacum,
1193 1572 1266 1642 quar
1293 1547 1348 1617 diu
1370 1543 1458 1613 obti-

393 1676 496 1729 nuere
510 1658 740 1750 principatum.

362 1788 374 1822 ι
446 1762 507 1830 IV.
523 1763 755 1857 Antiquissima
774 1764 846 1833 aeris
861 1762 965 1859 gloria
984 1760 1119 1831 Deliaco
1138 1758 1228 1845 fuir,
1243 1774 1406 1829 mercatus
1420 1760 1458 1825 in

392 1865 480 1936 Delo
496 1868 749 1939 concelebrante
766 1885 837 1939 toto
852 1870 948 1952 orbe,
963 1883 995 1937 et
1014 1868 1088 1937 ideo
1109 1890 1189 1937 cura
1210 1865 1368 1950 officinis,
1390 1867 1459 1935 tri-

392 1970 566 2043 cliniorum
593 1975 732 2069 pedibus
760 1974 949 2071 fulcrisque.
978 1975 1029 2043 lbi
1057 1975 1165 2068 prima
1194 1971 1345 2041 nobilitas
1369 1975 1456 2043 aeris.

393 2081 548 2150 Pervenit
567 2080 686 2150 deinde
712 2082 875 2152 addeum
899 2079 1089 2166 simulacra,
1116 2078 1326 2174 effigiemque
1343 2078 1451 2149 borni·

392 2210 485 2272 num,
513 2201 547 2256 et
564 2186 703 2258 aliorum
724 2187 925 2257 animalium.

359 2318 370 2353 ι
444 2294 485 2359 V.
511 2296 665 2364 Proxima
688 2293 759 2363 laus
784 2295 968 2389 AEginetico
993 2293 1063 2362 fuit.
1086 2289 1196 2361 Insula
1218 2305 1252 2359 et
1276 2294 1365 2386 ipsa,
1391 2318 1458 2363 nec

390 2422 434 2466 aes
450 2400 604 2493 gignens,
630 2401 687 2469 sed
710 2400 919 2471 officinarum
941 2412 1163 2495 temperatura
1184 2396 1367 2467 nobilitata.
1387 2401 1456 2467 Bos

390 2529 493 2575 aereus
513 2506 590 2576 inde
611 2521 728 2602 captus
750 2509 784 2578 in
811 2508 885 2578 foro
914 2502 1045 2578 boario¹
1075 2504 1125 2575 est
1148 2506 1272 2574 Rornae.
1297 2506 1370 2574 Hoc
1391 2506 1458 2576 erit

389 2611 559 2706 exemplar
575 2616 749 2708 AEginetici
764 2618 836 2684 aeris
853 2611 1001 2684 :Deliaci
1022 2627 1133 2681 autem
1151 2613 1281 2706 Jupiter
1303 2613 1336 2679 in
1352 2614 1456 2705 Capi·

388 2716 468 2787 tolio
482 2721 517 2787 in
530 2723 622 2789 Jovis
636 2722 797 2790 Tonantis
810 2721 887 2790 aede.
904 2719 966 2789 lllo
985 2743 1048 2788 aere
1067 2721 1189 2813 Myron
1208 2741 1285 2786 usus
1302 2731 1368 2804 est,
1386 2718 1456 2787 hoc

389 2822 594 2919 Polycletus,
616 2826 757 2920 aequales
772 2842 872 2922 atque
885 2824 1110 2920 condiscipuli.
1122 2821 1299 2894 AEmulatio
1315 2824 1352 2894 iis
1370 2839 1403 2894 et
1418 2826 1455 2894 in

387 2933 527 3000 materia
543 2931 631 3002 fuid.

356 3057 367 3088 ¹
442 3039 502 3106 VI.
521 3028 603 3130 (ιη.)
621 3040 778 3109 Privatim
804 3041 922 3134 AEgina
943 3039 1218 3110 candelabrorum
1241 3037 1453 3133 superficiem

387 3142 560 3214 dumtaxat
573 3144 770 3233 elaboravit,
793 3143 879 3218 sicut
895 3149 1076 3217 Tarentum
1088 3143 1234 3241 scapos¹.
1249 3147 1290 3214 ln
1304 3145 1356 3214 his
1370 3171 1455 3241 ergo

427 3329 454 3382 8.
469 3328 644 3382 blanditiam
653 3342 768 3400 respectu.
781 3329 897 3384 Brotean
941 3330 995 3383 reio
1017 3329 1158 3393 Amerino,
1177 3347 1252 3382 num.
1274 3328 1338 3382 1⁵3.
1358 3329 1455 3384 fluo.

386 3405 461 3462 MSS.
474 3409 557 3479 lle-gg.
570 3407 897 3482 eteditprincipe‚man·
982 3408 1016 3462 V.
1041 3409 1118 3464 1.1n
1134 3409 1195 3476 soro
1216 3409 1309 3462 uado.
1332 3408 1456 3480 Regione

385 3486 600 3557 ditiumdespectu.
614 3489 668 3544 En.
941 3489 1024 3544 Urbis
1043 3500 1151 3552 octava,
1175 3507 1206 3542 ex
1224 3488 1256 3540 Ρ.
1273 3487 1396 3574 victorq,
1423 3489 1453 3540 in

385 3567 898 3718 ..atta-tammam:
940 3566 1453 3703 ⁶s·a:tttttt:t·2.¹ttt.

385 3725 559 3780 renallus».
934 3730 996 3797 soit.
1022 3719 1079 3796 (sic
1101 3728 1223 3782 Gronov.
1246 3740 1274 3780 et
1298 3725 1360 3780 libri
1386 3738 1453 3780 ante

423 3807 475 3859 IV.
494 3825 519 3860 ι.
543 3806 720 3880 Antiquissima
740 3811 797 3860 aris
814 3809 896 3878 garta
938 3806 1022 3864 llard.
1035 3797 1156 3878 vulgati.)
1176 3807 1291 3862 Scribas
1308 3805 1453 3859 -mmuln-

384 3886 550 3953 DeHaeosae't.
562 3887 894 3942 MaximaeatTrrteaaisco
938 3888 976 3940 tio
995 3886 1027 3941 iis
1046 3900 1073 3940 et
1097 3885 1124 3940 in
1145 3887 1254 3942 materia
1272 3885 1354 3940 fuit.-
1368 3885 1453 3956 Poly·

384 3984 417 4020 οι
439 3965 567 4036 Hispania
585 3965 658 4038 apud
680 3967 837 4022 Pausaniam
865 3968 893 4020 in
937 3966 1007 4020 elato
1020 3979 1047 4020 et
1060 3965 1177 4038 Myroni.
1191 3969 1227 4020 Tt
1244 3977 1322 4018 ratem
1338 3963 1409 4018 delet
1422 3977 1452 4018 et

384 4046 650 4100 Eliaeia.Drr.1c.-
659 4047 770 4100 Deliaco.
787 4047 893 4102 Deliaca
937 4045 1083 4100 l’iutianru.¹
1096 4046 1188 4100 Gaoar.

385 4145 443 4180 vasa
459 4139 486 4179 et
499 4125 638 4180 Corinthia
652 4123 744 4181 laudat
755 4126 784 4180 in
800 4125 894 4198 primis
977 4127 1027 4178 Vl.
1051 4145 1075 4180 ι.
1096 4123 1196 4192 Scupos·
1219 4122 1450 4180 candelabrorum

384 4203 494 4271 Cicero,
507 4205 534 4256 in
548 4206 669 4260 oratione
682 4226 733 4278 pro
750 4207 822 4262 sext.
840 4209 893 4260 Ro·
938 4219 1060 4271 umens,
1079 4225 1111 4260 ae
1129 4205 1245 4259 ramulos
1264 4222 1272 4256 ε
1289 4203 1403 4256 branchos
1418 4203 1453 4258 de
