3100 5125
337 453 409 526 600
612 445 834 521 C.'P1.1N11
859 448 967 518 NAT.
994 452 1121 520 HIST.

337 585 438 673 cus¹⁰,
454 587 565 654 minor
574 582 730 654 tantum¹·¹
749 581 896 652 similiter
906 595 940 650 et
951 581 1139 652 nascens¹²:
1154 585 1280 654 ceteris
1295 583 1406 679 pallor

305 708 323 762 3
339 693 467 790 argenti
475 677 511 779 ¹³,
528 705 562 760 et
576 692 611 758 in
632 713 714 758 auro
732 714 801 758 non
821 689 883 756 nisi
901 686 1170 759 excellentissimo
1190 689 1327 763 natales.
1345 693 1403 760 In·

304 906 307 910 ⁴
337 915 446 979 nucis,
459 910 565 966 adamas
575 911 620 966 cri
633 908 780 963 columbini
792 925 848 964 ma·
891 907 948 960 auri
966 906 1089 961 metallis.
1107 908 1183 961 Libri
1196 909 1324 962 hactenus
1337 908 1404 970 editi

336 991 574 1066 gnitudine,qnenr
586 1009 657 1043 anno
669 987 849 1059 1772cnha-
891 985 1005 1051 insulse,
1026 1013 1036 1034 ι
1053 987 1151 1040 caeteris
1162 989 1256 1059 'pallor
1271 989 1368 1058 gentis.
1388 1014 1399 1037 s

336 1075 396 1127 rina
415 1073 466 1136 11,
486 1070 654 1142 imperatrix,
668 1089 684 1122 a
701 1081 849 1120 mercatore
891 1066 962 1130 Alii,
975 1067 1058 1136 pallor
1076 1070 1176 1137 urgens,
1190 1085 1321 1137 reponere
1337 1069 1404 1121 nite·

337 1151 496 1224 grocoemit
507 1152 624 1216 450,ooo
633 1148 736 1207 muller,
749 1147 849 1218 gallica
891 1146 998 1198 bantur.
1012 1147 1077 1216 lleg.
1092 1165 1126 1210 a,
1145 1158 1170 1198 et
1185 1146 1265 1200 Colb.
1283 1147 1310 1211 3,
1329 1171 1341 1194 ι
1355 1165 1405 1200 ω.

338 1244 452 1284 monetar
460 1231 507 1283 lib.
518 1230 679 1295 a,nSo,000‚
692 1241 767 1298 pacta
776 1226 850 1280 insu·
892 1224 954 1278 teris
976 1223 1101 1295 pallidior
1118 1237 1227 1295 argento
1247 1238 1275 1279 et
1296 1245 1369 1278 auro.
1388 1251 1400 1274 s

337 1329 396 1381 per,
407 1308 533 1382 quamdin
543 1321 674 1363 mercator
683 1307 849 1371 vixerit,an·
893 1303 1033 1359 Salmasius
1058 1305 1086 1356 in
1113 1303 1253 1369 Solinum,
1279 1306 1403 1359 scruteris

337 1407 404 1444 nuss
420 1402 533 1442 monete
546 1401 644 1442 nostras
660 1387 708 1440 lib.
726 1404 849 1449 soo,ooo.
892 1381 1017 1456 pallidior
1026 1381 1060 1437 ad
1070 1395 1220 1455 argentum,
1231 1397 1257 1437 et
1268 1385 1297 1437 in
1307 1402 1403 1438 auro...

337 1469 434 1522 Fertur
446 1468 525 1521 luisse
538 1469 680 1538 subreptus
699 1467 728 1518 in
741 1464 847 1518 ludina
891 1462 1019 1526 aaran..
1036 1476 1066 1516 nt
1077 1467 1134 1517 htcc
1145 1462 1180 1517 ad
1189 1463 1336 1520 Arabicum
1345 1463 1405 1518 ada·

338 1547 501 1618 militegallo
512 1549 540 1599 in
551 1547 652 1617 templo
661 1546 850 1598 nemausus
892 1554 1007 1596 manum
1024 1543 1186 1609 referantur,
1207 1541 1242 1596 de
1266 1563 1321 1614 qno
1343 1561 1406 1616 pro-

339 1639 395 1680 erat
405 1645 438 1679 ex
448 1627 533 1678 oculis
540 1639 632 1696 statuae
642 1624 720 1678 dicta
731 1622 766 1677 de
780 1623 851 1676 Selu-
891 1623 965 1676 xime
975 1634 1050 1675 antes
1063 1640 1150 1676 sermo
1165 1623 1226 1676 luit.
1239 1622 1306 1676 Mox
1317 1621 1405 1688 idem,

341 1710 445 1775 uagum.
470 1703 578 1758 Pondus
597 1707 654 1776 ejus
674 1705 727 1772 193
747 1716 848 1756 carate:
896 1701 1063 1755 «incudibus
1084 1702 1105 1754 is
1124 1701 1343 1774 deprehenditur,
1370 1703 1404 1756 ite

340 1784 440 1856 pejoris
460 1797 547 1837 autem
569 1784 678 1849 formae,
706 1801 793 1855 neque
818 1803 850 1836 ex
892 1785 1021 1852 respuens
1041 1781 1138 1846 ictum,
1160 1795 1210 1834 etc.
1227 1808 1238 1829 ι
1258 1782 1405 1847 Quassus!

340 1862 518 1924 nitidissimis,
532 1861 637 1916 videtur
647 1862 752 1915 adamas
764 1863 849 1935 impe·
893 1861 982 1914 omnia
994 1881 1009 1914 a
1022 1860 1158 1931 scriptoris
1165 1875 1253 1914 mente
1259 1861 1404 1916 admodum

340 1941 850 2013 ratorisBrasilitequipendetrao,sive,
892 1939 1080 1992 abhorrentia:
1102 1958 1164 1992 nam
1185 1940 1331 1994 Arabicum
1351 1941 1405 2012 pri·

236 2059 240 2067 -
340 2033 373 2075 tat
388 2022 432 2075 alii
445 2022 555 2086 volunt,
570 2020 605 2089 93
626 2015 781 2086 caratsdl4;
804 2019 850 2074 aed
894 2037 967 2072 mum
993 2017 1160 2073 adamantem
1188 2021 1300 2072 similiter
1327 2033 1406 2092 atque

340 2119 397 2153 non
414 2100 464 2153 luit
477 2119 573 2166 cesus,
587 2113 618 2152 ut
628 2102 682 2172 jam
699 2119 778 2170 supra
793 2119 850 2154 mo·
894 2097 1016 2152 Indicum
1037 2103 1104 2152 nasci
1121 2113 1181 2154 ante
1200 2098 1338 2171 prodidit,
1355 2101 1406 2154 hoc

341 2169 531 2233 nuimus.Eo.‘
895 2189 949 2243 est,
971 2197 1045 2230 «non
1067 2180 1095 2232 in
1117 2198 1200 2240 suro,
1226 2178 1272 2232 sed
1294 2178 1407 2250 quadum

387 2278 429 2313 ιο.
442 2257 533 2311 Similis
551 2271 589 2310 est
606 2259 661 2310 isaie
679 2260 772 2330 quidem
785 2259 852 2312 Ara:
896 2257 1012 2327 crystalli
1025 2260 1203 2329 cognatione:
1224 2283 1235 2305 ι
1254 2261 1407 2331 caeterisque

343 2337 424 2401 biens,
447 2352 498 2392 etc.
518 2339 613 2410 Lege:
637 2365 649 2386 ι
666 2338 764 2392 Similis
788 2338 852 2392 huic
895 2337 1035 2407 generibus
1048 2357 1201 2392 communes
1218 2336 1343 2410 deinceps
1359 2338 1408 2392 du·

342 2417 480 2483 Arabicus,
492 2417 581 2472 minor
597 2429 714 2480 tantum,
733 2418 853 2472 similiter
896 2428 935 2469 tes
945 2435 988 2470 aas
1002 2435 1057 2470 esse
1065 2417 1149 2482 velle,
1159 2416 1267 2489 palloris
1278 2419 1405 2471 nimirum

342 2515 467 2562 nascem,
494 2497 595 2550 caeteris
615 2497 740 2568 pallidior
764 2510 793 2550 ut
814 2516 855 2551 ar·
897 2496 1029 2569 argentei,
1042 2497 1196 2569 viriumque
1208 2495 1353 2551 incudibus
1366 2498 1408 2550 in·

343 2589 464 2647 gentum.
482 2579 517 2629 At
529 2578 557 2630 in
567 2596 632 2630 auro
643 2598 697 2631 non
708 2578 760 2631 nisi
770 2579 854 2631 excel·
897 2573 1074 2637 domitarum,
1092 2590 1182 2649 aperte
1202 2576 1309 2649 prodit,
1323 2597 1407 2649 quum

342 2655 487 2709 lentissimo
496 2656 602 2710 natales.
618 2656 763 2710 Incudibus
779 2658 800 2710 is
809 2656 854 2710 de-
896 2656 1022 2726 subjicit:
1035 2657 1142 2709 «Unum
1156 2676 1190 2710 ex
1200 2658 1232 2710 iis
1242 2670 1339 2711 vocant
1349 2676 1409 2711 cen-

342 2734 529 2805 preheuditur,
541 2748 593 2789 etc.
605 2734 692 2790 sax.
897 2736 997 2799 chron,
1010 2760 1022 2783 ι
1046 2754 1078 2788 ex
1097 2737 1130 2789 iia
1143 2755 1178 2791 ac.
1193 2738 1338 2809 generibus
1351 2756 1408 2809 que

387 2831 432 2867 11.
447 2814 531 2867 Minor
543 2816 714 2868 tartumilaec
725 2817 805 2868 rerba
816 2816 853 2869 sic
897 2816 978 2867 modo
996 2816 1192 2886 complectitur,
1216 2816 1324 2871 dotibus
1348 2818 1408 2870 assi·

343 2891 506 2947 Masbodeus
536 2894 656 2964 accepit,
683 2907 714 2947 ut
742 2895 853 2947 minoris
896 2894 995 2965 gnatis,
1009 2896 1274 2965 quusuntomnibus
1290 2896 1408 2949 iiscorn·

343 2972 424 3042 pretii
432 2972 557 3043 quidem,
573 2992 628 3025 non
636 2974 700 3027 item
711 2974 789 3026 molis
797 2992 852 3027 esse
897 2992 999 3028 munes.
1023 2972 1136 3029 Errandi
1167 2990 1355 3046 argumentum
1382 2987 1408 3029 et

342 3050 589 3117 intellexerit,loco
602 3054 703 3105 citato:
717 3053 853 3107 ¹Alterius
896 3072 999 3108 causam
1017 3054 1145 3108 salmasio
1166 3054 1271 3107 Solinus
1294 3056 1407 3127 objecit,

342 3133 445 3201 generis
452 3132 578 3202 producit
587 3134 670 3186 Arabs
677 3132 853 3198 adamantem,
896 3154 954 3205 cap.
967 3152 1019 3197 ιιι,
1029 3152 1058 3203 p.
1074 3136 1120 3197 82,
1133 3134 1180 3186 ubi
1192 3146 1363 3205 posteaquam
1374 3132 1407 3187 de

343 3208 406 3261 Nou
420 3212 457 3265 sic
473 3212 602 3265 invictum
619 3232 626 3263 t
644 3231 705 3265 nam
720 3211 852 3285 frangitur
895 3213 989 3267 Indico
1001 3210 1140 3267 adamante
1150 3212 1227 3276 dixit,
1241 3214 1357 3267 Arabico
1365 3232 1409 3265 ne-

344 3288 443 3359 absque
456 3310 550 3343 cruore
562 3308 569 3343 t
586 3292 642 3345 Nec
652 3311 700 3362 par
708 3292 771 3345 huic
783 3294 853 3345 nitor
896 3294 983 3363 glecto
992 3332 999 3357 ,
1007 3292 1127 3347 transiliit
1136 3292 1171 3345 ad
1182 3283 1265 3345 nnsisn
1275 3311 1292 3345 e
1301 3291 1409 3364 reliquis

344 3382 400 3431 eat,
425 3371 558 3441 pretiique
581 3372 692 3424 minoris
715 3372 851 3425 habetur:
896 3374 1053 3443 generibus,
1066 3370 1099 3424 de
1115 3390 1168 3443 quo
1185 3372 1221 3424 sic
1232 3372 1297 3425 ille:
1316 3398 1327 3419 ι
1341 3372 1408 3426 Huic

344 3446 466 3501 Pondere
488 3450 522 3503 sit
545 3450 680 3521 quamvis,
702 3453 806 3504 enormi
827 3465 854 3505 et
896 3452 1045 3522 proximus,
1066 3452 1093 3503 in
1113 3452 1407 3505 excellentissimorum

344 3545 456 3597 corpore
471 3531 563 3599 major.
579 3556 590 3576 ι
609 3531 699 3583 Haeo.
896 3530 1121 3601 deprehenditur,
1134 3529 1270 3601 pallidior,
1283 3550 1314 3585 sc
1326 3532 1409 3603 magis

387 3624 432 3657 ιι.
446 3606 562 3660 Similiter
568 3621 593 3659 et
601 3628 708 3661 nascens.
723 3610 782 3662 lloc
798 3623 852 3675 est,
896 3608 930 3663 ad
941 3611 1039 3681 argenti
1052 3611 1169 3663 colorem
1181 3611 1326 3663 renitens..
1339 3612 1408 3676 ‚Que

343 3695 374 3736 nt
389 3683 513 3751 Indicus,
529 3706 584 3741 non
604 3688 633 3740 in
652 3708 851 3755 auronascens,
897 3690 1038 3743 Salmasius
1063 3687 1096 3743 ad
1116 3689 1261 3742 Arabicum
1286 3690 1410 3745 adaman-

344 3761 390 3815 sed
408 3764 522 3833 quadam
547 3767 664 3836 crystalli
686 3769 850 3838 cognatione.
897 3779 968 3834 tem,
985 3788 1065 3840 quem
1082 3769 1184 3821 Plinius
1201 3768 1295 3822 Indico
1321 3771 1409 3841 prori-

387 3843 432 3895 13.
452 3844 552 3897 Ceteris
560 3848 643 3915 pallor
654 3851 757 3915 argenti.
770 3847 853 3901 Caete-
895 3866 969 3899 mum
983 3849 1043 3901 lacit
1051 3888 1059 3913 ,
1074 3848 1209 3920 pertinere
1221 3847 1345 3902 credidit.
1358 3848 1409 3903 Sed

343 3919 380 3972 ris
401 3920 546 3977 adamamis
575 3926 730 3995 generibus,
757 3938 852 3996 praeter
896 3925 1044 3980 adamantis
1066 3946 1165 3997 genera
1191 3927 1308 3989 Plinius,
1330 3947 1409 4000 quant

344 3996 505 4066 Arabicum,
517 4002 707 4076 iudicumque,
720 4005 806 4076 pallor
815 4018 853 4059 eat
896 4004 1016 4071 Solinus,
1032 4008 1108 4078 plura
1124 4007 1253 4077 agnovit:
1277 4007 1327 4059 iste
1344 4025 1409 4077 qus·

344 4080 460 4147 argenti,
476 4083 575 4141 natales
589 4083 616 4135 in
641 4084 851 4139 excellentissimi
896 4097 970 4139 terna
982 4098 1100 4140 tantum:
1115 4104 1176 4139 aena
1186 4084 1241 4149 ille,
1252 4103 1283 4137 ac
1297 4084 1409 4141 diversa.
