3100 5125
460 535 619 604 srnnn
642 516 846 604 xxxvn.
1115 535 1182 612 601

124 664 263 735 cudibus
282 651 353 733 hi¹⁴
374 664 679 760 deprehenduntnr,
703 668 748 735 ita
775 679 966 759 respuentes
986 666 1088 735 ictum
1098 652 1134 749 ¹⁵,
1151 681 1188 736 ut

123 771 249 841 ferrum
270 772 436 865 utrimque
457 771 627 859 dissultu,
649 771 850 865 incudesque
871 773 969 840 etium
986 772 1063 867 ipsae
1087 771 1186 842 dissi-

125 875 217 946 liant.
240 878 374 972 Quippe
400 876 518 947 duritia
537 876 764 946 inenarrabilis
788 891 854 966 est,
880 877 1041 972 simulque
1063 879 1189 972 ignium

123 983 242 1050 victrix
255 997 391 1069 natura,
412 997 445 1051 et
461 1008 642 1078 numquam
663 981 874 1053 incalescens.
894 983 994 1053 Unde
1014 999 1047 1053 et
1069 1009 1191 1053 nomen

126 1074 317 1158 indomira¹⁶
334 1090 384 1158 vis
408 1074 515 1184 grisea
530 1092 801 1186 interpretatione
818 1091 953 1184 accepit.
968 1091 1082 1159 Unum
1098 1115 1138 1158 ex
1152 1091 1192 1160 iis

124 1209 249 1264 vocant
270 1195 438 1265 cenchron
448 1194 485 1284 ¹⁷,
506 1196 595 1291 quod
612 1210 662 1266 est
688 1195 767 1264 milii
785 1195 1018 1290 magnitudine.
1043 1195 1191 1265 Alterum

124 1300 381 1371 Macedonicum
405 1303 439 1369 in
458 1302 647 1397 Philippico,
662 1326 744 1371 auro
770 1315 937 1396 repertum
950 1287 994 1370 ¹⁸:
1015 1316 1049 1371 et
1066 1303 1122 1371 hic
1142 1316 1192 1371 est

168 1472 211 1529 ¹4·
225 1466 355 1519 Incudiius
367 1468 401 1518 isi.
415 1466 578 1521 Marbodeus
588 1469 635 1521 In·
682 1468 761 1533 dorne,
774 1465 847 1538 qood
857 1467 925 1520 nulli
935 1467 1050 1522 materie
1060 1465 1144 1521 cedat.
1160 1470 1194 1525 H.

123 1543 187 1598 dico
197 1546 247 1599 soli
260 1547 329 1599 hanc
337 1545 426 1599 dotem
438 1547 558 1618 assignat.
568 1547 636 1601 Soli·
687 1562 692 1572 “
727 1567 769 1618 17.
785 1547 863 1600 Unum
876 1567 906 1599 ea
921 1551 950 1600 iis
963 1559 1053 1600 vocant
1069 1549 1193 1602 cerrima.

123 1643 409 1697 nus,csp.r.11‚pag.
427 1629 477 1691 sa,
496 1625 590 1680 Indico
607 1638 635 1680 et
682 1627 769 1699 Lege:
787 1654 797 1675 ι
812 1628 903 1680 Unum
918 1647 948 1680 ex
967 1628 999 1679 iis
1019 1639 1115 1680 vocent
1132 1645 1195 1680 ceu·

123 1705 201 1758 alteri
209 1705 310 1776 generi,
320 1709 394 1776 cujus
407 1707 506 1760 natales
514 1707 542 1758 in
555 1725 633 1760 auro:
683 1719 754 1772 tron,
764 1704 838 1778 qood
852 1720 890 1760 est
904 1707 971 1759 milii
983 1705 1191 1778 magnitudine·
1275 1715 1280 1732 ⁸

127 1810 140 1832 ι
157 1789 212 1836 Nec
223 1784 294 1837 ferro
305 1787 456 1863 vincuntur,
469 1786 635 1857 inquit,ncc
683 1785 770 1839 Greci
788 1787 884 1856 κέντρον
897 1799 991 1840 vocant
1001 1786 1030 1837 in
1043 1786 1117 1839 omni
1135 1805 1191 1840 ma·

121 1863 186 1934 igne
196 1863 347 1919 domantur.
360 1890 371 1913 ι
387 1867 477 1917 tisun.
499 1882 503 1891 ’
684 1866 750 1918 terie
760 1863 888 1918 nodosam
905 1864 1046 1929 duritiem,
1056 1884 1114 1936 qus,²
1125 1865 1194 1919 ictus
1206 1879 1208 1886 ’

167 1943 213 1997 1⁵.
226 1945 267 1996 Itu
280 1956 412 2015 respuentes
426 1949 506 1998 ictum.
521 1943 635 1997 Fabulo·
681 1945 800 2016 respuit,
821 1962 851 1997 ac
875 1946 945 1998 ferro
969 1942 1036 1997 findi
1055 1945 1193 2016 frangique

124 2039 186 2074 sum
197 2021 224 2076 id
237 2041 292 2076 esse
305 2023 387 2076 tradit
397 2023 523 2089 Garoias,
533 2043 595 2076 nam
609 2037 637 2078 et
681 2023 844 2096 negat.Vide
858 2025 925 2077 Plin.
941 2024 986 2076 lib.
1000 2024 1084 2090 XVI,
1094 2041 1117 2076 c.
1137 2023 1191 2091 39:

123 2101 156 2153 in
164 2104 271 2156 scobem
284 2103 408 2157 malleolo
421 2102 517 2175 redigi,
524 2116 551 2156 et
564 2104 636 2157 facil·
684 2105 844 2158 «Publicum
855 2105 975 2157 omniunt
986 2104 1080 2157 vitium
1096 2115 1193 2156 vocant

122 2180 189 2234 lime
207 2183 338 2254 confringi
351 2184 481 2254 uterique
494 2183 523 2237 in
536 2195 634 2236 morta·
681 2183 767 2255 spiras
780 2183 826 2237 ubi
845 2184 1003 2236 convolvere
1023 2202 1050 2236 se
1066 2202 1139 2235 venre
1153 2195 1194 2234 at-

122 2260 167 2312 rio
184 2262 283 2330 pistillo
300 2264 396 2316 ferreo.
409 2265 477 2315 Dar..
489 2294 528 2305 -
541 2263 636 2332 Quippe
681 2281 734 2334 que
753 2262 827 2317 nodi.
848 2263 1026 2317 Inveniuntur
1044 2263 1072 2314 in
1089 2262 1195 2334 quibus·

123 2339 225 2393 duritia.
243 2341 306 2397 iisse
317 2341 428 2395 totidem
444 2342 532 2395 verbis
549 2341 635 2394 Isido-
682 2341 760 2404 dam,
774 2344 842 2398 sicut
859 2343 885 2394 iu
900 2359 1032 2396 marmore
1048 2355 1155 2407 centra,
1166 2339 1194 2394 id

122 2438 186 2484 ros,
200 2419 426 2492 ong.lih.xv1.
442 2440 499 2491 cap.
520 2420 636 2476 13.Vide
683 2435 740 2487 est,
758 2421 859 2475 duritia
878 2421 952 2474 clavo
966 2421 1071 2487 similis,
1085 2421 1193 2474 inimica

125 2500 258 2571 egregiam
273 2500 307 2555 de
327 2519 356 2554 sa
370 2519 401 2553 re
412 2500 636 2568 dissertationem,
682 2503 766 2554 serris.
783 2528 794 2549 ι
813 2501 894 2573 Atqui
910 2501 937 2552 in
953 2501 1064 2571 gemmis
1084 2519 1113 2553 ea
1132 2518 1194 2553 cen·

124 2579 199 2650 apud
208 2581 329 2653 Theoph.
351 2580 537 2645 Simocattam,
557 2582 635 2654 phys.
682 2594 723 2635 tra
735 2583 913 2652 reperiuntur.
933 2582 1001 2634 Plin.
1020 2579 1053 2633 de
1072 2580 1195 2651 sapphy-

124 2660 267 2724 Quincti
284 2662 373 2715 Nostri
385 2675 472 2714 tumen
486 2660 636 2715 adamantes
681 2662 719 2714 ris
742 2660 880 2714 Medicis:
909 2674 1063 2731 uprasterea
1087 2660 1195 2713 inutiles

124 2738 193 2792 adeo
210 2758 265 2793 non
284 2741 367 2794 ictum
380 2741 468 2794 mallei
487 2753 637 2811 respuunt,
682 2742 820 2811 scalpturas
832 2740 1068 2793 intervenientibus
1087 2739 1195 2810 crystal-

124 2832 156 2871 nt
171 2820 249 2872 etiam
263 2822 291 2873 in
306 2821 412 2873 scobem
430 2820 554 2873 malleolo
566 2820 637 2873 redi·
683 2820 743 2873 linis
759 2820 864 2873 centris.
880 2846 891 2867 ι
911 2821 981 2889 Ergo
997 2821 1041 2874 ills
1059 2832 1147 2873 centra
1166 2820 1195 2871 in

124 2911 231 2969 gantur.
247 2900 382 2954 Freillime
396 2919 458 2953 vero
473 2899 572 2971 pistillo
583 2900 636 2952 fer·
682 2900 792 2971 gemmis
805 2901 876 2953 ferro
888 2900 970 2971 scalpi
982 2912 1078 2971 negent
1087 2912 1113 2952 et
1129 2898 1195 2951 scsl·

125 2996 174 3031 reo
191 2978 220 3030 in
238 2981 364 3032 mortorio
377 2980 505 3050 confringi
523 2992 549 3031 et
559 2980 637 3033 atteri
682 2991 767 3050 pturte
779 2980 914 3033 resistunt.
933 2980 993 3032 Sur..
1006 3010 1044 3021 -
1060 2979 1193 3031 Cencimn.

125 3059 232 3121 solent,
245 3072 275 3112 ut
289 3078 385 3113 eorum
396 3059 474 3113 scobe
484 3057 638 3113 adamantes
682 3060 804 3113 Itaclare
818 3058 893 3113 Colb.
912 3059 945 3123 3,
958 3059 1055 3130 aliique
1072 3056 1148 3111 MSS.
1167 3070 1194 3111 et
1239 3122 1241 3131 Α

127 3139 172 3191 alii
196 3138 338 3209 poliantur.
357 3138 429 3192 Vide
455 3137 578 3192 Gurcism
604 3140 637 3192 ab
682 3140 741 3211 typi
752 3156 852 3192 omnes.
866 3138 901 3191 Et
911 3140 1010 3209 κέγχρος
1024 3136 1132 3209 quidem
1147 3137 1196 3189 mi·

125 3219 230 3282 Horto,
243 3218 271 3270 in
288 3220 380 3271 Arum.
395 3218 461 3271 Hist.
477 3236 536 3289 cap.
550 3236 636 3272 ωτι.
683 3218 748 3271 lium
761 3231 851 3283 sonat,
866 3215 938 3270 unde
957 3218 980 3271 ei
1000 3217 1133 3271 adamanti
1146 3236 1194 3269 no·

101 3316 103 3324 ·
126 3298 220 3350 lino.
238 3329 277 3339 —
293 3300 394 3350 Duritia
413 3298 579 3350 inenarrabilis
592 3310 637 3352 est.
682 3317 753 3351 men.
764 3296 872 3352 Nodum
888 3298 982 3368 querit
994 3298 1021 3350 in
1036 3298 1124 3368 scirpo
1138 3296 1194 3349 Sol-

126 3377 222 3442 Quum
236 3375 341 3431 duritie
351 3378 459 3431 invicta
469 3376 637 3431 adamantem
683 3378 794 3442 mesine,
815 3378 842 3429 io
863 3377 946 3431 Solin.
964 3396 1024 3448 pag.
1040 3384 1129 3447 ¹⁰71is
1147 3375 1193 3447 qui

126 3475 183 3509 esse
207 3456 346 3512 crederem
357 3458 482 3519 Veteres,
501 3456 563 3509 falsa
580 3458 637 3511 hac
683 3469 779 3509 centron
795 3450 924 3526 reponere
938 3456 1194 3521 conurunhocest,

126 3536 221 3608 opinio
235 3554 295 3590 cum
307 3536 414 3609 scriptis
431 3554 523 3589 eorum
536 3536 569 3589 ad
584 3555 637 3590 nu·
682 3549 821 3598 centrum,
841 3554 887 3587 seu
900 3536 1001 3588 nodum
1012 3576 1019 3601 ‚
1031 3535 1195 3589 nodosamse

126 3616 246 3688 periore·
256 3618 370 3679 transiit,
384 3629 410 3669 et
421 3616 552 3682 maximo,
569 3634 637 3687 pre·
681 3616 822 3689 duritiem,
842 3632 902 3686 quas
919 3616 947 3667 in
963 3616 1073 3686 gemmis
1092 3613 1194 3685 reperi·

125 3695 218 3751 sertim
233 3695 381 3761 Lusitanis,
392 3694 490 3748 damno
506 3696 573 3758 fuit,
591 3695 638 3767 qui
682 3709 726 3750 tur
740 3694 884 3749 interdum.
904 3694 995 3749 Hunn.

125 3776 254 3848 plurimas
269 3788 296 3827 et
307 3775 508 3846 pretiosissimas
528 3775 638 3847 quidem
727 3778 771 3829 18.
789 3778 819 3829 In
834 3775 970 3845 Philippico
991 3794 1050 3825 auro
1070 3784 1194 3844 repertum.

125 3873 242 3928 gemmas
257 3856 382 3907 malleolo
393 3868 492 3907 temere
503 3856 639 3928 confr-ege·
682 3856 716 3907 ln
735 3854 848 3908 metallis
866 3854 994 3915 aurariis,
1013 3871 1072 3923 quse
1092 3864 1153 3905 sunt
1168 3852 1196 3905 in

125 3948 204 4000 runt,
227 3934 291 3987 dum
309 3948 429 3989 naturam
450 3935 563 4005 experiri
583 3934 639 3988 vel·
682 3933 847 4005 Philippensi
877 3932 1038 3987 Macedonia
1063 3950 1134 4001 agro.
1162 3932 1195 3983 ln

124 4017 191 4069 lent.
207 4014 260 4067 En.
683 4014 799 4066 ferrariis
809 4012 877 4065 dixit
891 4009 1069 4076 Marbodeus,
1083 4011 1134 4064 loc.
1149 4010 1194 4065 cit.

171 4093 555 4148 16.Undeetnonsnindonitn.
568 4085 639 4146 did·
684 4092 813 4145 «Tertius
837 4104 875 4144 est
898 4089 1020 4155 edemus,
1047 4108 1126 4162 quem
1152 4089 1197 4151 dat

127 4194 191 4245 par,
207 4175 257 4227 siai
274 4178 317 4226 τοῦ
331 4193 348 4225 e
362 4175 403 4228 καὶ
417 4168 575 4243 διμίζωῄἀ
589 4186 637 4237 est,
683 4173 764 4226 maris
773 4172 857 4225 insula
871 4172 982 4257 Cypros.
991 4171 1121 4236 Quartum
1132 4189 1197 4241 pro·
