<?xml version="1.0" encoding="UTF-8"?>
<!DOCTYPE html PUBLIC "-//W3C//DTD XHTML 1.0 Transitional//EN"
    "http://www.w3.org/TR/xhtml1/DTD/xhtml1-transitional.dtd">
<html xmlns="http://www.w3.org/1999/xhtml" xml:lang="en" lang="en">
 <head>
  <title>
</title>
<meta http-equiv="Content-Type" content="text/html;charset=utf-8" />
  <meta name='ocr-system' content='tesseract 3.04.00' />
  <meta name='ocr-capabilities' content='ocr_page ocr_carea ocr_par ocr_line ocrx_word'/>
</head>
<body>
  <div class='ocr_page' id='page_1' title='image "./caiipliniisecun00hardgoog_0368.png"; bbox 0 0 3100 5125; ppageno 0'>
   <div class='ocr_carea' id='block_1_1' title="bbox 357 481 1143 556">
    <p class='ocr_par' dir='ltr' id='par_1_1' title="bbox 357 481 1143 556">
     <span class='ocr_line' id='line_1_1' title="bbox 357 481 1143 556; baseline -0.005 -2"><span class='ocrx_word' id='word_1_1' title='bbox 357 481 427 556; x_wconf 84' lang='grc'><strong>360</strong></span> <span class='ocrx_word' id='word_1_2' title='bbox 626 485 664 553; x_wconf 87' lang='lat' dir='ltr'><strong>C.</strong></span> <span class='ocrx_word' id='word_1_3' title='bbox 692 484 860 551; x_wconf 84' lang='lat' dir='ltr'><strong>PLlNll</strong></span> <span class='ocrx_word' id='word_1_4' title='bbox 885 483 990 551; x_wconf 86' lang='lat' dir='ltr'><strong>NAT.</strong></span> <span class='ocrx_word' id='word_1_5' title='bbox 1017 483 1143 551; x_wconf 87' lang='lat' dir='ltr'><strong>HIST.</strong></span> 
     </span>
    </p>
   </div>
   <div class='ocr_carea' id='block_1_2' title="bbox 233 613 1422 1869">
    <p class='ocr_par' dir='ltr' id='par_1_2' title="bbox 233 613 1422 1869">
     <span class='ocr_line' id='line_1_2' title="bbox 356 613 1422 709; baseline -0.002 -23"><span class='ocrx_word' id='word_1_6' title='bbox 356 619 472 686; x_wconf 83' lang='lat' dir='ltr'><strong>Romae</strong></span> <span class='ocrx_word' id='word_1_7' title='bbox 490 618 524 684; x_wconf 91' lang='lat' dir='ltr'><strong>in</strong></span> <span class='ocrx_word' id='word_1_8' title='bbox 542 613 667 709; x_wconf 91' lang='lat' dir='ltr'><strong>templo</strong></span> <span class='ocrx_word' id='word_1_9' title='bbox 681 618 783 685; x_wconf 83' lang='lat' dir='ltr'>Pacis.</span> <span class='ocrx_word' id='word_1_10' title='bbox 803 619 872 686; x_wconf 87' lang='lat' dir='ltr'><strong>Nec</strong></span> <span class='ocrx_word' id='word_1_11' title='bbox 893 615 953 684; x_wconf 89' lang='lat' dir='ltr'><strong>fuit</strong></span> <span class='ocrx_word' id='word_1_12' title='bbox 973 614 1056 684; x_wconf 88' lang='lat' dir='ltr'><strong>alius</strong></span> <span class='ocrx_word' id='word_1_13' title='bbox 1070 617 1103 683; x_wconf 92' lang='lat' dir='ltr'><strong>in</strong></span> <span class='ocrx_word' id='word_1_14' title='bbox 1120 639 1159 684; x_wconf 90' lang='lat' dir='ltr'><strong>ea</strong></span> <span class='ocrx_word' id='word_1_15' title='bbox 1174 627 1244 684; x_wconf 88' lang='lat' dir='ltr'><strong>arte</strong></span> <span class='ocrx_word' id='word_1_16' title='bbox 1258 614 1422 686; x_wconf 86' lang='lat' dir='ltr'><strong>velocior.</strong></span> 
     </span>
     <span class='ocr_line' id='line_1_3' title="bbox 305 719 1422 816; baseline -0.003 -23"><span class='ocrx_word' id='word_1_17' title='bbox 305 743 337 805; x_wconf 70' lang='lat'><strong>45</strong></span> <span class='ocrx_word' id='word_1_18' title='bbox 355 722 505 791; x_wconf 86' lang='lat' dir='ltr'><strong>Tradunt</strong></span> <span class='ocrx_word' id='word_1_19' title='bbox 521 745 663 814; x_wconf 88' lang='lat' dir='ltr'><strong>namque</strong></span> <span class='ocrx_word' id='word_1_20' title='bbox 683 722 878 792; x_wconf 83' lang='lat' dir='ltr'><strong>conduxisse</strong></span> <span class='ocrx_word' id='word_1_21' title='bbox 896 721 1098 816; x_wconf 82' lang='lat' dir='ltr'><strong>pingendum</strong></span> <span class='ocrx_word' id='word_1_22' title='bbox 1113 721 1155 788; x_wconf 91' lang='lat' dir='ltr'><strong>ab</strong></span> <span class='ocrx_word' id='word_1_23' title='bbox 1166 719 1354 790; x_wconf 86' lang='lat' dir='ltr'><strong>Aristrato¹²</strong></span> <span class='ocrx_word' id='word_1_24' title='bbox 1368 723 1422 790; x_wconf 75' lang='lat' dir='ltr'><strong>Si-</strong></span> 
     </span>
     <span class='ocr_line' id='line_1_4' title="bbox 357 813 1421 921; baseline -0.001 -25"><span class='ocrx_word' id='word_1_25' title='bbox 357 829 553 921; x_wconf 87' lang='lat' dir='ltr'><strong>cyoniorum</strong></span> <span class='ocrx_word' id='word_1_26' title='bbox 573 841 726 919; x_wconf 80' lang='lat' dir='ltr'><strong>tyranno,</strong></span> <span class='ocrx_word' id='word_1_27' title='bbox 738 827 829 920; x_wconf 91' lang='lat' dir='ltr'><strong>quod</strong></span> <span class='ocrx_word' id='word_1_28' title='bbox 847 828 874 896; x_wconf 91' lang='lat' dir='ltr'><strong>is</strong></span> <span class='ocrx_word' id='word_1_29' title='bbox 896 827 1036 895; x_wconf 76' lang='lat' dir='ltr'><strong>faciebat</strong></span> <span class='ocrx_word' id='word_1_30' title='bbox 1048 825 1166 894; x_wconf 85' lang='lat' dir='ltr'><strong>Telesti</strong></span> <span class='ocrx_word' id='word_1_31' title='bbox 1181 813 1333 920; x_wconf 79' lang='lat' dir='ltr'><strong>poetae¹³,</strong></span> <span class='ocrx_word' id='word_1_32' title='bbox 1345 851 1421 896; x_wconf 91' lang='lat' dir='ltr'><strong>mo-</strong></span> 
     </span>
     <span class='ocr_line' id='line_1_5' title="bbox 356 931 1422 1026; baseline 0.002 -26"><span class='ocrx_word' id='word_1_33' title='bbox 356 945 570 1016; x_wconf 89' lang='lat' dir='ltr'><strong>numentum,</strong></span> <span class='ocrx_word' id='word_1_34' title='bbox 593 931 755 1024; x_wconf 82' lang='lat' dir='ltr'><strong>praefinito</strong></span> <span class='ocrx_word' id='word_1_35' title='bbox 778 932 850 1020; x_wconf 89' lang='lat' dir='ltr'><strong>die,</strong></span> <span class='ocrx_word' id='word_1_36' title='bbox 870 934 954 1000; x_wconf 88' lang='lat' dir='ltr'><strong>intra</strong></span> <span class='ocrx_word' id='word_1_37' title='bbox 977 957 1074 1026; x_wconf 90' lang='lat' dir='ltr'><strong>quem</strong></span> <span class='ocrx_word' id='word_1_38' title='bbox 1098 946 1331 1025; x_wconf 79' lang='lat' dir='ltr'><strong>perageretur:</strong></span> <span class='ocrx_word' id='word_1_39' title='bbox 1354 955 1422 1001; x_wconf 85' lang='lat' dir='ltr'><strong>nec</strong></span> 
     </span>
     <span class='ocr_line' id='line_1_6' title="bbox 357 1037 1421 1131; baseline 0 -25"><span class='ocrx_word' id='word_1_40' title='bbox 357 1037 464 1106; x_wconf 88' lang='lat' dir='ltr'><strong>multo</strong></span> <span class='ocrx_word' id='word_1_41' title='bbox 476 1050 553 1105; x_wconf 89' lang='lat' dir='ltr'><strong>ante</strong></span> <span class='ocrx_word' id='word_1_42' title='bbox 565 1039 710 1123; x_wconf 86' lang='lat' dir='ltr'><strong>venisse,</strong></span> <span class='ocrx_word' id='word_1_43' title='bbox 726 1051 867 1130; x_wconf 82' lang='lat' dir='ltr'><strong>tyranno</strong></span> <span class='ocrx_word' id='word_1_44' title='bbox 879 1039 911 1105; x_wconf 91' lang='lat' dir='ltr'><strong>in</strong></span> <span class='ocrx_word' id='word_1_45' title='bbox 921 1061 1052 1131; x_wconf 89' lang='lat' dir='ltr'><strong>poenam</strong></span> <span class='ocrx_word' id='word_1_46' title='bbox 1062 1061 1220 1106; x_wconf 90' lang='lat' dir='ltr'><strong>accenso:</strong></span> <span class='ocrx_word' id='word_1_47' title='bbox 1239 1039 1421 1130; x_wconf 89' lang='lat' dir='ltr'><strong>paucisque</strong></span> 
     </span>
     <span class='ocr_line' id='line_1_7' title="bbox 355 1141 1420 1235; baseline 0.001 -24"><span class='ocrx_word' id='word_1_48' title='bbox 355 1142 470 1212; x_wconf 90' lang='lat' dir='ltr'><strong>diebus</strong></span> <span class='ocrx_word' id='word_1_49' title='bbox 479 1141 674 1225; x_wconf 89' lang='lat' dir='ltr'><strong>absolvisse,</strong></span> <span class='ocrx_word' id='word_1_50' title='bbox 685 1142 850 1212; x_wconf 89' lang='lat' dir='ltr'><strong>celeritate</strong></span> <span class='ocrx_word' id='word_1_51' title='bbox 862 1157 895 1212; x_wconf 89' lang='lat' dir='ltr'><strong>et</strong></span> <span class='ocrx_word' id='word_1_52' title='bbox 908 1157 978 1210; x_wconf 86' lang='lat' dir='ltr'><strong>arte</strong></span> <span class='ocrx_word' id='word_1_53' title='bbox 993 1144 1085 1211; x_wconf 87' lang='lat' dir='ltr'><strong>mira.</strong></span> <span class='ocrx_word' id='word_1_54' title='bbox 1102 1142 1291 1235; x_wconf 88' lang='lat' dir='ltr'><strong>Discipulos</strong></span> <span class='ocrx_word' id='word_1_55' title='bbox 1300 1142 1420 1212; x_wconf 88' lang='lat' dir='ltr'><strong>habuit</strong></span> 
     </span>
     <span class='ocr_line' id='line_1_8' title="bbox 355 1245 1420 1334; baseline 0 -16"><span class='ocrx_word' id='word_1_56' title='bbox 355 1247 532 1318; x_wconf 85' lang='lat' dir='ltr'><strong>Aristidem</strong></span> <span class='ocrx_word' id='word_1_57' title='bbox 553 1249 711 1332; x_wconf 85' lang='lat' dir='ltr'><strong>fratrem,</strong></span> <span class='ocrx_word' id='word_1_58' title='bbox 737 1262 770 1317; x_wconf 91' lang='lat' dir='ltr'><strong>et</strong></span> <span class='ocrx_word' id='word_1_59' title='bbox 791 1246 981 1317; x_wconf 86' lang='lat' dir='ltr'><strong>Aristoclem</strong></span> <span class='ocrx_word' id='word_1_60' title='bbox 1003 1247 1122 1334; x_wconf 90' lang='lat' dir='ltr'><strong>filium,</strong></span> <span class='ocrx_word' id='word_1_61' title='bbox 1146 1261 1179 1316; x_wconf 89' lang='lat' dir='ltr'><strong>et</strong></span> <span class='ocrx_word' id='word_1_62' title='bbox 1199 1245 1420 1318; x_wconf 83' lang='lat' dir='ltr'><strong>Philoxenum</strong></span> 
     </span>
     <span class='ocr_line' id='line_1_9' title="bbox 357 1351 1420 1447; baseline -0.001 -25"><span class='ocrx_word' id='word_1_63' title='bbox 357 1355 541 1439; x_wconf 87' lang='lat' dir='ltr'><strong>Eretriam,</strong></span> <span class='ocrx_word' id='word_1_64' title='bbox 556 1354 650 1446; x_wconf 82' lang='lat' dir='ltr'><strong>cujus</strong></span> <span class='ocrx_word' id='word_1_65' title='bbox 664 1351 776 1422; x_wconf 90' lang='lat' dir='ltr'><strong>tabula</strong></span> <span class='ocrx_word' id='word_1_66' title='bbox 792 1353 887 1422; x_wconf 89' lang='lat' dir='ltr'><strong>nullis</strong></span> <span class='ocrx_word' id='word_1_67' title='bbox 902 1353 1131 1447; x_wconf 81' lang='lat' dir='ltr'><strong>postferenda,</strong></span> <span class='ocrx_word' id='word_1_68' title='bbox 1146 1352 1333 1422; x_wconf 86' lang='lat' dir='ltr'><strong>Cassandro</strong></span> <span class='ocrx_word' id='word_1_69' title='bbox 1347 1356 1420 1447; x_wconf 83' lang='lat' dir='ltr'><strong>regi</strong></span> 
     </span>
     <span class='ocr_line' id='line_1_10' title="bbox 355 1446 1420 1553; baseline -0.001 -26"><span class='ocrx_word' id='word_1_70' title='bbox 355 1446 487 1553; x_wconf 81' lang='lat' dir='ltr'><strong>picta¹⁴,</strong></span> <span class='ocrx_word' id='word_1_71' title='bbox 513 1461 674 1528; x_wconf 88' lang='lat' dir='ltr'><strong>continuit</strong></span> <span class='ocrx_word' id='word_1_72' title='bbox 695 1458 871 1526; x_wconf 80' lang='lat' dir='ltr'><strong>Alexandri</strong></span> <span class='ocrx_word' id='word_1_73' title='bbox 899 1456 1047 1551; x_wconf 84' lang='lat' dir='ltr'><strong>praelium</strong></span> <span class='ocrx_word' id='word_1_74' title='bbox 1076 1482 1152 1527; x_wconf 90' lang='lat' dir='ltr'><strong>cum</strong></span> <span class='ocrx_word' id='word_1_75' title='bbox 1178 1461 1290 1527; x_wconf 88' lang='lat' dir='ltr'><strong>Dario.</strong></span> <span class='ocrx_word' id='word_1_76' title='bbox 1323 1459 1420 1527; x_wconf 88' lang='lat' dir='ltr'><strong>Idem</strong></span> 
     </span>
     <span class='ocr_line' id='line_1_11' title="bbox 355 1549 1420 1659; baseline 0 -27"><span class='ocrx_word' id='word_1_77' title='bbox 355 1567 460 1659; x_wconf 84' lang='lat' dir='ltr'><strong>pinxit</strong></span> <span class='ocrx_word' id='word_1_78' title='bbox 481 1550 689 1650; x_wconf 78' lang='lat' dir='ltr'><strong>lasciviam¹⁵,</strong></span> <span class='ocrx_word' id='word_1_79' title='bbox 714 1565 748 1631; x_wconf 89' lang='lat' dir='ltr'><strong>in</strong></span> <span class='ocrx_word' id='word_1_80' title='bbox 768 1588 835 1657; x_wconf 87' lang='lat' dir='ltr'><strong>qua</strong></span> <span class='ocrx_word' id='word_1_81' title='bbox 851 1579 918 1632; x_wconf 87' lang='lat' dir='ltr'><strong>tres</strong></span> <span class='ocrx_word' id='word_1_82' title='bbox 941 1563 1041 1634; x_wconf 89' lang='lat' dir='ltr'><strong>Sileni</strong></span> <span class='ocrx_word' id='word_1_83' title='bbox 1066 1549 1334 1634; x_wconf 81' lang='lat' dir='ltr'><strong>comessantor¹⁶.</strong></span> <span class='ocrx_word' id='word_1_84' title='bbox 1355 1565 1420 1633; x_wconf 87' lang='lat' dir='ltr'><strong>Hic</strong></span> 
     </span>
     <span class='ocr_line' id='line_1_12' title="bbox 357 1669 1419 1763; baseline -0.001 -25"><span class='ocrx_word' id='word_1_85' title='bbox 357 1669 556 1739; x_wconf 86' lang='lat' dir='ltr'><strong>celeritatem</strong></span> <span class='ocrx_word' id='word_1_86' title='bbox 586 1671 797 1763; x_wconf 70' lang='lat' dir='ltr'><strong>praeceptoris</strong></span> <span class='ocrx_word' id='word_1_87' title='bbox 829 1683 1012 1762; x_wconf 80' lang='lat' dir='ltr'><strong>sequutus,</strong></span> <span class='ocrx_word' id='word_1_88' title='bbox 1040 1670 1208 1737; x_wconf 87' lang='lat' dir='ltr'><strong>breviores</strong></span> <span class='ocrx_word' id='word_1_89' title='bbox 1237 1671 1419 1738; x_wconf 81' lang='lat' dir='ltr'><strong>etiamnum</strong></span> 
     </span>
     <span class='ocr_line' id='line_1_13' title="bbox 233 1771 1367 1869; baseline 0.004 -32"><span class='ocrx_word' id='word_1_90' title='bbox 233 1824 241 1837; x_wconf 89' lang='lat'><em>.</em></span> <span class='ocrx_word' id='word_1_91' title='bbox 356 1774 513 1868; x_wconf 90' lang='lat' dir='ltr'><strong>quasdam</strong></span> <span class='ocrx_word' id='word_1_92' title='bbox 533 1777 669 1868; x_wconf 87' lang='lat' dir='ltr'><strong>picturae</strong></span> <span class='ocrx_word' id='word_1_93' title='bbox 685 1776 754 1843; x_wconf 89' lang='lat' dir='ltr'><strong>vias</strong></span> <span class='ocrx_word' id='word_1_94' title='bbox 771 1787 805 1842; x_wconf 89' lang='lat' dir='ltr'><strong>et</strong></span> <span class='ocrx_word' id='word_1_95' title='bbox 825 1774 1085 1869; x_wconf 87' lang='lat' dir='ltr'><strong>compendiarias</strong></span> <span class='ocrx_word' id='word_1_96' title='bbox 1105 1775 1229 1843; x_wconf 86' lang='lat' dir='ltr'><strong>invenit</strong></span> <span class='ocrx_word' id='word_1_97' title='bbox 1239 1771 1273 1841; x_wconf 87' lang='lat'><strong>¹⁷.</strong></span> <span class='ocrx_word' id='word_1_98' title='bbox 1365 1795 1367 1800; x_wconf 86' lang='lat'>·</span> 
     </span>
    </p>
   </div>
   <div class='ocr_carea' id='block_1_3' title="bbox 262 1973 1421 4178">
    <p class='ocr_par' dir='ltr' id='par_1_3' title="bbox 262 1973 1421 4178">
     <span class='ocr_line' id='line_1_14' title="bbox 357 1973 1420 2047; baseline -0.001 -17"><span class='ocrx_word' id='word_1_99' title='bbox 357 1977 439 2047; x_wconf 75' lang='lat' dir='ltr'><strong>surgit</strong></span> <span class='ocrx_word' id='word_1_100' title='bbox 446 1977 474 2028; x_wconf 90' lang='lat' dir='ltr'><strong>io</strong></span> <span class='ocrx_word' id='word_1_101' title='bbox 484 1978 546 2038; x_wconf 85' lang='lat' dir='ltr'><strong>iras,</strong></span> <span class='ocrx_word' id='word_1_102' title='bbox 560 1978 619 2030; x_wconf 85' lang='lat' dir='ltr'><strong>Ceu</strong></span> <span class='ocrx_word' id='word_1_103' title='bbox 629 1977 734 2030; x_wconf 83' lang='lat' dir='ltr'><strong>foretin</strong></span> <span class='ocrx_word' id='word_1_104' title='bbox 748 1977 867 2028; x_wconf 79' lang='lat' dir='ltr'><strong>maribus</strong></span> <span class='ocrx_word' id='word_1_105' title='bbox 909 1979 1023 2046; x_wconf 67' lang='lat' dir='ltr'><strong>tapetas</strong></span> <span class='ocrx_word' id='word_1_106' title='bbox 1036 2016 1044 2041; x_wconf 98' lang='lat'><strong>,</strong></span> <span class='ocrx_word' id='word_1_107' title='bbox 1056 1979 1172 2046; x_wconf 83' lang='lat' dir='ltr'><strong>jocosam</strong></span> <span class='ocrx_word' id='word_1_108' title='bbox 1191 1973 1420 2047; x_wconf 82' lang='lat' dir='ltr'><strong>ludibundamque</strong></span> 
     </span>
     <span class='ocr_line' id='line_1_15' title="bbox 354 2055 1421 2126; baseline -0.002 -18"><span class='ocrx_word' id='word_1_109' title='bbox 354 2059 409 2126; x_wconf 85' lang='lat' dir='ltr'><strong>jam</strong></span> <span class='ocrx_word' id='word_1_110' title='bbox 422 2055 555 2124; x_wconf 80' lang='lat' dir='ltr'><strong>crepiturn</strong></span> <span class='ocrx_word' id='word_1_111' title='bbox 566 2057 635 2108; x_wconf 87' lang='lat' dir='ltr'><strong>ratis.</strong></span> <span class='ocrx_word' id='word_1_112' title='bbox 644 2081 656 2102; x_wconf 71' lang='lat' dir='ltr'><strong>a·</strong></span> <span class='ocrx_word' id='word_1_113' title='bbox 675 2057 740 2126; x_wconf 84' lang='lat' dir='ltr'><strong>Ejus</strong></span> <span class='ocrx_word' id='word_1_114' title='bbox 753 2057 867 2107; x_wconf 77' lang='lat' dir='ltr'><strong>formam</strong></span> <span class='ocrx_word' id='word_1_115' title='bbox 911 2056 1097 2124; x_wconf 83' lang='lat' dir='ltr'><strong>petulantiam,</strong></span> <span class='ocrx_word' id='word_1_116' title='bbox 1108 2062 1199 2126; x_wconf 72' lang='grc' dir='ltr'><strong>κῶμον.</strong></span> <span class='ocrx_word' id='word_1_117' title='bbox 1211 2056 1313 2108; x_wconf 78' lang='lat' dir='ltr'><strong>Danao.</strong></span> <span class='ocrx_word' id='word_1_118' title='bbox 1322 2086 1361 2097; x_wconf 95' lang='lat'><em>-</em></span> <span class='ocrx_word' id='word_1_119' title='bbox 1372 2055 1421 2106; x_wconf 80' lang='lat' dir='ltr'><strong>La·</strong></span> 
     </span>
     <span class='ocr_line' id='line_1_16' title="bbox 357 2132 1419 2206; baseline -0.001 -19"><span class='ocrx_word' id='word_1_120' title='bbox 357 2134 573 2187; x_wconf 87' lang='lat' dir='ltr'><strong>aliterHomerua</strong></span> <span class='ocrx_word' id='word_1_121' title='bbox 584 2132 868 2206; x_wconf 84' lang='lat' dir='ltr'><strong>describit,0dysa.M,</strong></span> <span class='ocrx_word' id='word_1_122' title='bbox 910 2137 1014 2188; x_wconf 72' lang='lat' dir='ltr'><strong>sciolum.</strong></span> <span class='ocrx_word' id='word_1_123' title='bbox 1036 2134 1160 2188; x_wconf 80' lang='lat' dir='ltr'><strong>Lascirias</strong></span> <span class='ocrx_word' id='word_1_124' title='bbox 1173 2153 1203 2187; x_wconf 87' lang='lat' dir='ltr'><strong>ac</strong></span> <span class='ocrx_word' id='word_1_125' title='bbox 1218 2133 1338 2186; x_wconf 87' lang='lat' dir='ltr'><strong>mollitiei</strong></span> <span class='ocrx_word' id='word_1_126' title='bbox 1352 2133 1419 2186; x_wconf 84' lang='lat' dir='ltr'><strong>ima·</strong></span> 
     </span>
     <span class='ocr_line' id='line_1_17' title="bbox 358 2212 1107 2283; baseline 0 -17"><span class='ocrx_word' id='word_1_127' title='bbox 358 2213 489 2282; x_wconf 77' lang='lat' dir='ltr'><strong>capitibus</strong></span> <span class='ocrx_word' id='word_1_128' title='bbox 498 2232 558 2278; x_wconf 84' lang='lat' dir='ltr'><strong>sex,</strong></span> <span class='ocrx_word' id='word_1_129' title='bbox 569 2213 679 2266; x_wconf 83' lang='lat' dir='ltr'><strong>bissenis</strong></span> <span class='ocrx_word' id='word_1_130' title='bbox 689 2213 811 2283; x_wconf 82' lang='lat' dir='ltr'><strong>pedibus,</strong></span> <span class='ocrx_word' id='word_1_131' title='bbox 823 2212 868 2265; x_wconf 90' lang='lat' dir='ltr'><strong>tri·</strong></span> <span class='ocrx_word' id='word_1_132' title='bbox 910 2212 1007 2283; x_wconf 78' lang='lat' dir='ltr'><strong>giuem.</strong></span> <span class='ocrx_word' id='word_1_133' title='bbox 1019 2212 1107 2267; x_wconf 82' lang='lat' dir='ltr'><strong>Haan.</strong></span> 
     </span>
     <span class='ocr_line' id='line_1_18' title="bbox 358 2289 1419 2364; baseline 0 -20"><span class='ocrx_word' id='word_1_134' title='bbox 358 2291 422 2362; x_wconf 88' lang='lat' dir='ltr'><strong>plici</strong></span> <span class='ocrx_word' id='word_1_135' title='bbox 432 2289 552 2344; x_wconf 88' lang='lat' dir='ltr'><strong>dentium</strong></span> <span class='ocrx_word' id='word_1_136' title='bbox 568 2290 663 2344; x_wconf 87' lang='lat' dir='ltr'><strong>ordine</strong></span> <span class='ocrx_word' id='word_1_137' title='bbox 675 2293 771 2344; x_wconf 83' lang='lat' dir='ltr'><strong>:aliter</strong></span> <span class='ocrx_word' id='word_1_138' title='bbox 784 2293 869 2354; x_wconf 71' lang='lat' dir='ltr'><strong>Maro,</strong></span> <span class='ocrx_word' id='word_1_139' title='bbox 954 2296 997 2345; x_wconf 83' lang='lat'><strong>16.</strong></span> <span class='ocrx_word' id='word_1_140' title='bbox 1012 2294 1042 2344; x_wconf 82' lang='lat' dir='ltr'><strong>Ia</strong></span> <span class='ocrx_word' id='word_1_141' title='bbox 1050 2313 1096 2364; x_wconf 78' lang='lat' dir='ltr'><strong>qua</strong></span> <span class='ocrx_word' id='word_1_142' title='bbox 1107 2306 1154 2344; x_wconf 84' lang='lat' dir='ltr'><strong>tres</strong></span> <span class='ocrx_word' id='word_1_143' title='bbox 1161 2289 1238 2342; x_wconf 80' lang='lat' dir='ltr'><strong>Sileni</strong></span> <span class='ocrx_word' id='word_1_144' title='bbox 1250 2303 1419 2344; x_wconf 75' lang='lat' dir='ltr'><strong>comessaretur.</strong></span> 
     </span>
     <span class='ocr_line' id='line_1_19' title="bbox 359 2369 1420 2439; baseline 0.001 -18"><span class='ocrx_word' id='word_1_145' title='bbox 359 2373 420 2425; x_wconf 71' lang='lat' dir='ltr'><strong>mn.</strong></span> <span class='ocrx_word' id='word_1_146' title='bbox 434 2371 492 2422; x_wconf 80' lang='lat'>111:</span> <span class='ocrx_word' id='word_1_147' title='bbox 508 2397 519 2418; x_wconf 80' lang='grc' dir='ltr'>ι</span> <span class='ocrx_word' id='word_1_148' title='bbox 531 2376 566 2425; x_wconf 75' lang='lat' dir='ltr'><strong>At,</strong></span> <span class='ocrx_word' id='word_1_149' title='bbox 580 2370 695 2439; x_wconf 84' lang='lat' dir='ltr'><strong>Scyllam</strong></span> <span class='ocrx_word' id='word_1_150' title='bbox 710 2371 787 2428; x_wconf 73' lang='lat' dir='ltr'><strong>cascia</strong></span> <span class='ocrx_word' id='word_1_151' title='bbox 798 2371 870 2423; x_wconf 88' lang='lat' dir='ltr'><strong>cobi-</strong></span> <span class='ocrx_word' id='word_1_152' title='bbox 911 2370 955 2424; x_wconf 90' lang='lat' dir='ltr'><strong>Sic</strong></span> <span class='ocrx_word' id='word_1_153' title='bbox 969 2371 1031 2429; x_wconf 85' lang='lat' dir='ltr'><strong>libri</strong></span> <span class='ocrx_word' id='word_1_154' title='bbox 1045 2391 1145 2425; x_wconf 87' lang='lat' dir='ltr'><strong>omnes.</strong></span> <span class='ocrx_word' id='word_1_155' title='bbox 1163 2370 1244 2423; x_wconf 89' lang='lat' dir='ltr'><strong>Sileni</strong></span> <span class='ocrx_word' id='word_1_156' title='bbox 1258 2369 1355 2422; x_wconf 78' lang='lat' dir='ltr'><strong>llaccbi</strong></span> <span class='ocrx_word' id='word_1_157' title='bbox 1369 2370 1420 2422; x_wconf 88' lang='lat' dir='ltr'><strong>mi·</strong></span> 
     </span>
     <span class='ocr_line' id='line_1_20' title="bbox 359 2447 1421 2519; baseline 0.002 -19"><span class='ocrx_word' id='word_1_158' title='bbox 359 2450 406 2502; x_wconf 86' lang='lat' dir='ltr'><strong>bet</strong></span> <span class='ocrx_word' id='word_1_159' title='bbox 417 2450 543 2519; x_wconf 80' lang='lat' dir='ltr'><strong>spelunca</strong></span> <span class='ocrx_word' id='word_1_160' title='bbox 555 2449 662 2502; x_wconf 84' lang='lat' dir='ltr'><strong>latebris</strong></span> <span class='ocrx_word' id='word_1_161' title='bbox 671 2449 727 2502; x_wconf 90' lang='lat' dir='ltr'><strong>Ora</strong></span> <span class='ocrx_word' id='word_1_162' title='bbox 738 2460 870 2502; x_wconf 84' lang='lat' dir='ltr'><strong>exsertan-</strong></span> <span class='ocrx_word' id='word_1_163' title='bbox 911 2450 988 2504; x_wconf 86' lang='lat' dir='ltr'><strong>nistri</strong></span> <span class='ocrx_word' id='word_1_164' title='bbox 999 2450 1125 2504; x_wconf 90' lang='lat' dir='ltr'><strong>dicuntur</strong></span> <span class='ocrx_word' id='word_1_165' title='bbox 1133 2489 1141 2516; x_wconf 93' lang='lat'><strong>,</strong></span> <span class='ocrx_word' id='word_1_166' title='bbox 1149 2447 1267 2514; x_wconf 79' lang='grc' dir='ltr'><strong>Σιιληνοὶ,</strong></span> <span class='ocrx_word' id='word_1_167' title='bbox 1276 2461 1341 2502; x_wconf 83' lang='lat' dir='ltr'><strong>teate</strong></span> <span class='ocrx_word' id='word_1_168' title='bbox 1353 2449 1421 2502; x_wconf 87' lang='lat' dir='ltr'><strong>Stra·</strong></span> 
     </span>
     <span class='ocr_line' id='line_1_21' title="bbox 361 2527 1420 2600; baseline 0 -19"><span class='ocrx_word' id='word_1_169' title='bbox 361 2540 431 2589; x_wconf 85' lang='lat' dir='ltr'><strong>tem,</strong></span> <span class='ocrx_word' id='word_1_170' title='bbox 452 2541 479 2581; x_wconf 88' lang='lat' dir='ltr'><strong>et</strong></span> <span class='ocrx_word' id='word_1_171' title='bbox 497 2547 576 2582; x_wconf 84' lang='lat' dir='ltr'><strong>naves</strong></span> <span class='ocrx_word' id='word_1_172' title='bbox 598 2528 627 2580; x_wconf 94' lang='lat' dir='ltr'><strong>in</strong></span> <span class='ocrx_word' id='word_1_173' title='bbox 640 2547 699 2581; x_wconf 87' lang='lat' dir='ltr'><strong>saxa</strong></span> <span class='ocrx_word' id='word_1_174' title='bbox 713 2529 868 2582; x_wconf 84' lang='lat' dir='ltr'><strong>trahentem.</strong></span> <span class='ocrx_word' id='word_1_175' title='bbox 911 2529 997 2594; x_wconf 88' lang='lat' dir='ltr'><strong>bone,</strong></span> <span class='ocrx_word' id='word_1_176' title='bbox 1008 2531 1049 2595; x_wconf 82' lang='lat' dir='ltr'><strong>X,</strong></span> <span class='ocrx_word' id='word_1_177' title='bbox 1060 2548 1120 2600; x_wconf 76' lang='lat' dir='ltr'><strong>pag.</strong></span> <span class='ocrx_word' id='word_1_178' title='bbox 1131 2532 1197 2589; x_wconf 72' lang='lat' dir='ltr'><strong>t68.</strong></span> <span class='ocrx_word' id='word_1_179' title='bbox 1206 2528 1310 2582; x_wconf 87' lang='lat' dir='ltr'><strong>Nomen</strong></span> <span class='ocrx_word' id='word_1_180' title='bbox 1321 2527 1420 2581; x_wconf 85' lang='lat' dir='ltr'><strong>habers</strong></span> 
     </span>
     <span class='ocr_line' id='line_1_22' title="bbox 360 2607 1419 2681; baseline 0.001 -22"><span class='ocrx_word' id='word_1_181' title='bbox 360 2607 449 2661; x_wconf 86' lang='lat' dir='ltr'><strong>Prima</strong></span> <span class='ocrx_word' id='word_1_182' title='bbox 469 2608 587 2661; x_wconf 87' lang='lat' dir='ltr'><strong>hominis</strong></span> <span class='ocrx_word' id='word_1_183' title='bbox 609 2608 701 2672; x_wconf 79' lang='lat' dir='ltr'><strong>facies,</strong></span> <span class='ocrx_word' id='word_1_184' title='bbox 716 2621 742 2661; x_wconf 86' lang='lat' dir='ltr'><strong>et</strong></span> <span class='ocrx_word' id='word_1_185' title='bbox 757 2609 870 2677; x_wconf 90' lang='lat' dir='ltr'><strong>pulchro</strong></span> <span class='ocrx_word' id='word_1_186' title='bbox 912 2627 927 2661; x_wconf 90' lang='lat' dir='ltr'><strong>a</strong></span> <span class='ocrx_word' id='word_1_187' title='bbox 942 2609 1031 2665; x_wconf 86' lang='lat' dir='ltr'><strong>Sileno</strong></span> <span class='ocrx_word' id='word_1_188' title='bbox 1049 2610 1192 2681; x_wconf 83' lang='lat' dir='ltr'><strong>Nysiorum</strong></span> <span class='ocrx_word' id='word_1_189' title='bbox 1208 2627 1285 2679; x_wconf 75' lang='lat' dir='ltr'><strong>rege,</strong></span> <span class='ocrx_word' id='word_1_190' title='bbox 1298 2608 1345 2679; x_wconf 85' lang='lat' dir='ltr'><strong>qui</strong></span> <span class='ocrx_word' id='word_1_191' title='bbox 1360 2607 1419 2661; x_wconf 89' lang='lat' dir='ltr'><strong>sub·</strong></span> 
     </span>
     <span class='ocr_line' id='line_1_23' title="bbox 360 2685 1418 2757; baseline 0.003 -19"><span class='ocrx_word' id='word_1_192' title='bbox 360 2698 469 2757; x_wconf 88' lang='lat' dir='ltr'><strong>pectore</strong></span> <span class='ocrx_word' id='word_1_193' title='bbox 476 2687 566 2756; x_wconf 78' lang='lat' dir='ltr'><strong>virgo,</strong></span> <span class='ocrx_word' id='word_1_194' title='bbox 579 2688 654 2740; x_wconf 85' lang='lat' dir='ltr'><strong>Pube</strong></span> <span class='ocrx_word' id='word_1_195' title='bbox 664 2701 740 2741; x_wconf 86' lang='lat' dir='ltr'><strong>tenus</strong></span> <span class='ocrx_word' id='word_1_196' title='bbox 749 2706 756 2739; x_wconf 93' lang='lat'><strong>:</strong></span> <span class='ocrx_word' id='word_1_197' title='bbox 766 2700 870 2756; x_wconf 86' lang='lat' dir='ltr'><strong>postre-</strong></span> <span class='ocrx_word' id='word_1_198' title='bbox 911 2686 1008 2741; x_wconf 84' lang='lat' dir='ltr'><strong>sidium</strong></span> <span class='ocrx_word' id='word_1_199' title='bbox 1017 2690 1119 2741; x_wconf 89' lang='lat' dir='ltr'><strong>Baccho</strong></span> <span class='ocrx_word' id='word_1_200' title='bbox 1126 2688 1229 2752; x_wconf 87' lang='lat' dir='ltr'><strong>tulerit,</strong></span> <span class='ocrx_word' id='word_1_201' title='bbox 1239 2701 1330 2741; x_wconf 90' lang='lat' dir='ltr'><strong>auctor</strong></span> <span class='ocrx_word' id='word_1_202' title='bbox 1338 2685 1418 2741; x_wconf 84' lang='lat' dir='ltr'><strong>Diod.</strong></span> 
     </span>
     <span class='ocr_line' id='line_1_24' title="bbox 361 2765 1420 2835; baseline 0.002 -18"><span class='ocrx_word' id='word_1_203' title='bbox 361 2784 406 2818; x_wconf 87' lang='lat' dir='ltr'><strong>ma</strong></span> <span class='ocrx_word' id='word_1_204' title='bbox 418 2765 528 2821; x_wconf 84' lang='lat' dir='ltr'><strong>immani</strong></span> <span class='ocrx_word' id='word_1_205' title='bbox 541 2784 654 2835; x_wconf 88' lang='lat' dir='ltr'><strong>corpore</strong></span> <span class='ocrx_word' id='word_1_206' title='bbox 674 2765 785 2835; x_wconf 81' lang='lat' dir='ltr'><strong>piatrix,</strong></span> <span class='ocrx_word' id='word_1_207' title='bbox 805 2767 868 2817; x_wconf 89' lang='lat' dir='ltr'><strong>Del·</strong></span> <span class='ocrx_word' id='word_1_208' title='bbox 911 2766 992 2820; x_wconf 88' lang='lat' dir='ltr'><strong>Sicul.</strong></span> <span class='ocrx_word' id='word_1_209' title='bbox 1007 2768 1034 2819; x_wconf 91' lang='lat' dir='ltr'><strong>in</strong></span> <span class='ocrx_word' id='word_1_210' title='bbox 1047 2768 1116 2821; x_wconf 87' lang='lat' dir='ltr'><strong>Bibl.</strong></span> <span class='ocrx_word' id='word_1_211' title='bbox 1130 2768 1238 2820; x_wconf 89' lang='lat' dir='ltr'><strong>lib.1V.</strong></span> <span class='ocrx_word' id='word_1_212' title='bbox 1249 2768 1319 2819; x_wconf 83' lang='lat' dir='ltr'><strong>Hinc</strong></span> <span class='ocrx_word' id='word_1_213' title='bbox 1330 2767 1420 2821; x_wconf 87' lang='lat' dir='ltr'><strong>Catul-</strong></span> 
     </span>
     <span class='ocr_line' id='line_1_25' title="bbox 361 2843 1419 2915; baseline 0.002 -18"><span class='ocrx_word' id='word_1_214' title='bbox 361 2844 473 2915; x_wconf 86' lang='lat' dir='ltr'><strong>pbiuum</strong></span> <span class='ocrx_word' id='word_1_215' title='bbox 486 2843 870 2901; x_wconf 82' lang='lat' dir='ltr'><strong>caudaauterocommissalu·</strong></span> <span class='ocrx_word' id='word_1_216' title='bbox 911 2845 966 2911; x_wconf 87' lang='lat' dir='ltr'><strong>lua,</strong></span> <span class='ocrx_word' id='word_1_217' title='bbox 989 2846 1088 2909; x_wconf 84' lang='lat' dir='ltr'><strong>LXIV,</strong></span> <span class='ocrx_word' id='word_1_218' title='bbox 1112 2848 1192 2901; x_wconf 70' lang='lat'><strong>253:</strong></span> <span class='ocrx_word' id='word_1_219' title='bbox 1218 2846 1313 2898; x_wconf 82' lang='lat' dir='ltr'><strong>·Cum</strong></span> <span class='ocrx_word' id='word_1_220' title='bbox 1335 2846 1419 2899; x_wconf 84' lang='lat' dir='ltr'><strong>thiaso</strong></span> 
     </span>
     <span class='ocr_line' id='line_1_26' title="bbox 262 2923 1417 2995; baseline -0.003 -21"><span class='ocrx_word' id='word_1_221' title='bbox 262 2960 265 2964; x_wconf 60' lang='grc'><strong><em>«</em></strong></span> <span class='ocrx_word' id='word_1_222' title='bbox 361 2940 489 2992; x_wconf 67' lang='lat' dir='ltr'><strong>parumn</strong></span> <span class='ocrx_word' id='word_1_223' title='bbox 509 2923 600 2975; x_wconf 82' lang='lat' dir='ltr'><strong>Hanc.</strong></span> <span class='ocrx_word' id='word_1_224' title='bbox 913 2926 1084 2994; x_wconf 86' lang='lat' dir='ltr'><strong>Satyrorum,</strong></span> <span class='ocrx_word' id='word_1_225' title='bbox 1098 2938 1125 2979; x_wconf 86' lang='lat' dir='ltr'><strong>et</strong></span> <span class='ocrx_word' id='word_1_226' title='bbox 1138 2924 1277 2995; x_wconf 81' lang='lat' dir='ltr'><strong>Nysigenis</strong></span> <span class='ocrx_word' id='word_1_227' title='bbox 1293 2924 1417 2977; x_wconf 72' lang='lat' dir='ltr'><strong>Silonis..</strong></span> 
     </span>
     <span class='ocr_line' id='line_1_27' title="bbox 405 3000 1420 3075; baseline 0.004 -22"><span class='ocrx_word' id='word_1_228' title='bbox 405 3020 448 3053; x_wconf 82' lang='lat' dir='ltr'><strong>ra.</strong></span> <span class='ocrx_word' id='word_1_229' title='bbox 464 3000 507 3052; x_wconf 75' lang='lat' dir='ltr'><strong>At</strong></span> <span class='ocrx_word' id='word_1_230' title='bbox 530 3002 664 3054; x_wconf 74' lang='lat' dir='ltr'><strong>Aristrato.</strong></span> <span class='ocrx_word' id='word_1_231' title='bbox 680 3000 825 3055; x_wconf 78' lang='lat' dir='ltr'><strong>Aristratus</strong></span> <span class='ocrx_word' id='word_1_232' title='bbox 848 3004 869 3055; x_wconf 87' lang='lat' dir='ltr'><strong>is</strong></span> <span class='ocrx_word' id='word_1_233' title='bbox 911 3004 1034 3073; x_wconf 90' lang='lat' dir='ltr'><strong>Propert.</strong></span> <span class='ocrx_word' id='word_1_234' title='bbox 1050 3007 1096 3068; x_wconf 92' lang='lat'><strong>11,</strong></span> <span class='ocrx_word' id='word_1_235' title='bbox 1109 3006 1175 3075; x_wconf 81' lang='lat' dir='ltr'><strong>eleg.</strong></span> <span class='ocrx_word' id='word_1_236' title='bbox 1188 3005 1242 3057; x_wconf 73' lang='lat'><strong>32:</strong></span> <span class='ocrx_word' id='word_1_237' title='bbox 1263 3003 1420 3075; x_wconf 80' lang='lat' dir='ltr'><strong>«Silenique</strong></span> 
     </span>
     <span class='ocr_line' id='line_1_28' title="bbox 360 3078 1404 3155; baseline 0.004 -24"><span class='ocrx_word' id='word_1_238' title='bbox 360 3078 444 3147; x_wconf 69' lang='lat' dir='ltr'><strong>viguit</strong></span> <span class='ocrx_word' id='word_1_239' title='bbox 454 3098 510 3131; x_wconf 83' lang='lat' dir='ltr'><strong>sevo</strong></span> <span class='ocrx_word' id='word_1_240' title='bbox 519 3080 798 3151; x_wconf 83' lang='lat' dir='ltr'><strong>Philippi.Pinaerunt</strong></span> <span class='ocrx_word' id='word_1_241' title='bbox 807 3100 869 3134; x_wconf 86' lang='lat' dir='ltr'><strong>eum</strong></span> <span class='ocrx_word' id='word_1_242' title='bbox 911 3101 985 3135; x_wconf 84' lang='lat' dir='ltr'><strong>senes</strong></span> <span class='ocrx_word' id='word_1_243' title='bbox 997 3096 1024 3137; x_wconf 86' lang='lat' dir='ltr'><strong>et</strong></span> <span class='ocrx_word' id='word_1_244' title='bbox 1035 3097 1110 3155; x_wconf 81' lang='lat' dir='ltr'><strong>pater</strong></span> <span class='ocrx_word' id='word_1_245' title='bbox 1120 3085 1176 3154; x_wconf 84' lang='lat' dir='ltr'><strong>ipse</strong></span> <span class='ocrx_word' id='word_1_246' title='bbox 1186 3082 1268 3135; x_wconf 88' lang='lat' dir='ltr'><strong>chori.</strong></span> <span class='ocrx_word' id='word_1_247' title='bbox 1282 3107 1293 3129; x_wconf 81' lang='grc' dir='ltr'>ι</span> <span class='ocrx_word' id='word_1_248' title='bbox 1313 3084 1404 3135; x_wconf 82' lang='lat' dir='ltr'><strong>Haau.</strong></span> 
     </span>
     <span class='ocr_line' id='line_1_29' title="bbox 361 3157 1420 3232; baseline 0.004 -23"><span class='ocrx_word' id='word_1_249' title='bbox 361 3157 499 3210; x_wconf 83' lang='lat' dir='ltr'><strong>Melantbii</strong></span> <span class='ocrx_word' id='word_1_250' title='bbox 511 3159 619 3228; x_wconf 85' lang='lat' dir='ltr'><strong>pictoris</strong></span> <span class='ocrx_word' id='word_1_251' title='bbox 630 3158 869 3229; x_wconf 79' lang='lat' dir='ltr'><strong>discipuli,trium·</strong></span> <span class='ocrx_word' id='word_1_252' title='bbox 956 3179 998 3231; x_wconf 83' lang='lat'><strong>17.</strong></span> <span class='ocrx_word' id='word_1_253' title='bbox 1011 3162 1134 3231; x_wconf 81' lang='lat' dir='ltr'><strong>Quasdam</strong></span> <span class='ocrx_word' id='word_1_254' title='bbox 1143 3167 1246 3232; x_wconf 79' lang='lat' dir='ltr'><strong>pictum</strong></span> <span class='ocrx_word' id='word_1_255' title='bbox 1257 3164 1312 3213; x_wconf 80' lang='lat' dir='ltr'><strong>uias</strong></span> <span class='ocrx_word' id='word_1_256' title='bbox 1325 3174 1349 3213; x_wconf 78' lang='lat' dir='ltr'><strong>at</strong></span> <span class='ocrx_word' id='word_1_257' title='bbox 1359 3180 1420 3213; x_wconf 82' lang='lat' dir='ltr'><strong>eom·</strong></span> 
     </span>
     <span class='ocr_line' id='line_1_30' title="bbox 359 3237 1419 3309; baseline 0.004 -20"><span class='ocrx_word' id='word_1_258' title='bbox 359 3237 432 3307; x_wconf 86' lang='lat' dir='ltr'><strong>pbali</strong></span> <span class='ocrx_word' id='word_1_259' title='bbox 446 3237 773 3291; x_wconf 85' lang='lat' dir='ltr'><strong>eurrniiasidentemcum</strong></span> <span class='ocrx_word' id='word_1_260' title='bbox 786 3240 869 3298; x_wconf 85' lang='lat' dir='ltr'><strong>victo·</strong></span> <span class='ocrx_word' id='word_1_261' title='bbox 908 3241 1048 3309; x_wconf 59' lang='lat' dir='ltr'><strong>malluviae</strong></span> <span class='ocrx_word' id='word_1_262' title='bbox 1070 3245 1165 3295; x_wconf 74' lang='lat' dir='ltr'><strong>iavereit.</strong></span> <span class='ocrx_word' id='word_1_263' title='bbox 1179 3242 1282 3295; x_wconf 84' lang='lat' dir='ltr'><strong>Broter.</strong></span> <span class='ocrx_word' id='word_1_264' title='bbox 1295 3258 1331 3293; x_wconf 82' lang='lat' dir='ltr'><strong>ex</strong></span> <span class='ocrx_word' id='word_1_265' title='bbox 1343 3240 1419 3295; x_wconf 78' lang='lat' dir='ltr'>MSS.</span> 
     </span>
     <span class='ocr_line' id='line_1_31' title="bbox 360 3315 1420 3390; baseline 0.004 -23"><span class='ocrx_word' id='word_1_266' title='bbox 360 3316 416 3381; x_wconf 88' lang='lat' dir='ltr'><strong>ria,</strong></span> <span class='ocrx_word' id='word_1_267' title='bbox 429 3334 521 3385; x_wconf 74' lang='lat' dir='ltr'><strong>magna</strong></span> <span class='ocrx_word' id='word_1_268' title='bbox 547 3319 605 3387; x_wconf 80' lang='lat' dir='ltr'><strong>ejus</strong></span> <span class='ocrx_word' id='word_1_269' title='bbox 627 3316 722 3371; x_wconf 80' lang='lat' dir='ltr'><strong>tabulas</strong></span> <span class='ocrx_word' id='word_1_270' title='bbox 735 3315 868 3385; x_wconf 80' lang='lat' dir='ltr'><strong>claritate,</strong></span> <span class='ocrx_word' id='word_1_271' title='bbox 911 3321 992 3390; x_wconf 74' lang='lat' dir='ltr'><strong>Regg.</strong></span> <span class='ocrx_word' id='word_1_272' title='bbox 1003 3333 1030 3373; x_wconf 85' lang='lat' dir='ltr'><strong>et</strong></span> <span class='ocrx_word' id='word_1_273' title='bbox 1042 3318 1159 3373; x_wconf 82' lang='lat' dir='ltr'><strong>editione</strong></span> <span class='ocrx_word' id='word_1_274' title='bbox 1175 3318 1308 3390; x_wconf 83' lang='lat' dir='ltr'><strong>principe,</strong></span> <span class='ocrx_word' id='word_1_275' title='bbox 1320 3344 1331 3366; x_wconf 79' lang='grc' dir='ltr'>ι</span> <span class='ocrx_word' id='word_1_276' title='bbox 1342 3338 1420 3389; x_wconf 86' lang='lat' dir='ltr'><strong>quaa·</strong></span> 
     </span>
     <span class='ocr_line' id='line_1_32' title="bbox 360 3394 1421 3469; baseline 0.004 -22"><span class='ocrx_word' id='word_1_277' title='bbox 360 3394 404 3447; x_wconf 87' lang='lat' dir='ltr'><strong>cui</strong></span> <span class='ocrx_word' id='word_1_278' title='bbox 425 3408 452 3446; x_wconf 88' lang='lat' dir='ltr'><strong>et</strong></span> <span class='ocrx_word' id='word_1_279' title='bbox 470 3412 578 3447; x_wconf 90' lang='lat' dir='ltr'><strong>manum</strong></span> <span class='ocrx_word' id='word_1_280' title='bbox 598 3396 749 3467; x_wconf 71' lang='lat' dir='ltr'><strong>appenninae</strong></span> <span class='ocrx_word' id='word_1_281' title='bbox 769 3395 869 3451; x_wconf 89' lang='lat' dir='ltr'><strong>dicitur</strong></span> <span class='ocrx_word' id='word_1_282' title='bbox 910 3396 971 3451; x_wconf 85' lang='lat' dir='ltr'><strong>dam</strong></span> <span class='ocrx_word' id='word_1_283' title='bbox 990 3398 1099 3469; x_wconf 83' lang='lat' dir='ltr'><strong>picturae</strong></span> <span class='ocrx_word' id='word_1_284' title='bbox 1117 3396 1328 3469; x_wconf 78' lang='lat' dir='ltr'><strong>compendiarias</strong></span> <span class='ocrx_word' id='word_1_285' title='bbox 1347 3398 1421 3451; x_wconf 83' lang='lat' dir='ltr'><strong>inve-</strong></span> 
     </span>
     <span class='ocr_line' id='line_1_33' title="bbox 359 3472 1420 3548; baseline 0.005 -24"><span class='ocrx_word' id='word_1_286' title='bbox 359 3472 474 3541; x_wconf 77' lang='lat' dir='ltr'><strong>Apellea.</strong></span> <span class='ocrx_word' id='word_1_287' title='bbox 489 3473 644 3528; x_wconf 82' lang='lat' dir='ltr'><strong>Plutarchus</strong></span> <span class='ocrx_word' id='word_1_288' title='bbox 656 3474 685 3527; x_wconf 92' lang='lat' dir='ltr'><strong>in</strong></span> <span class='ocrx_word' id='word_1_289' title='bbox 696 3476 786 3529; x_wconf 75' lang='lat' dir='ltr'><strong>Arato.</strong></span> <span class='ocrx_word' id='word_1_290' title='bbox 799 3478 867 3531; x_wconf 83' lang='lat' dir='ltr'><strong>Dar..</strong></span> <span class='ocrx_word' id='word_1_291' title='bbox 909 3477 980 3529; x_wconf 76' lang='lat' dir='ltr'><strong>uit.»</strong></span> <span class='ocrx_word' id='word_1_292' title='bbox 991 3476 1195 3548; x_wconf 79' lang='lat' dir='ltr'><strong>compendiaria</strong></span> <span class='ocrx_word' id='word_1_293' title='bbox 1209 3477 1280 3529; x_wconf 86' lang='lat' dir='ltr'><strong>enim</strong></span> <span class='ocrx_word' id='word_1_294' title='bbox 1294 3475 1365 3547; x_wconf 89' lang='lat' dir='ltr'><strong>apud</strong></span> <span class='ocrx_word' id='word_1_295' title='bbox 1377 3495 1420 3529; x_wconf 89' lang='lat' dir='ltr'><strong>an·</strong></span> 
     </span>
     <span class='ocr_line' id='line_1_34' title="bbox 403 3551 1420 3626; baseline 0.004 -23"><span class='ocrx_word' id='word_1_296' title='bbox 403 3552 449 3605; x_wconf 78' lang='lat'><strong>13.</strong></span> <span class='ocrx_word' id='word_1_297' title='bbox 466 3551 555 3603; x_wconf 80' lang='lat' dir='ltr'><strong>Telesti</strong></span> <span class='ocrx_word' id='word_1_298' title='bbox 572 3567 659 3624; x_wconf 83' lang='lat' dir='ltr'><strong>poetoe.</strong></span> <span class='ocrx_word' id='word_1_299' title='bbox 681 3554 742 3607; x_wconf 84' lang='lat' dir='ltr'><strong>Fuit</strong></span> <span class='ocrx_word' id='word_1_300' title='bbox 764 3555 787 3607; x_wconf 83' lang='lat' dir='ltr'><strong>is</strong></span> <span class='ocrx_word' id='word_1_301' title='bbox 802 3555 867 3609; x_wconf 88' lang='lat' dir='ltr'><strong>Seli·</strong></span> <span class='ocrx_word' id='word_1_302' title='bbox 910 3555 997 3626; x_wconf 89' lang='lat' dir='ltr'><strong>tiquos</strong></span> <span class='ocrx_word' id='word_1_303' title='bbox 1013 3556 1170 3609; x_wconf 82' lang='lat' dir='ltr'><strong>substantiva</strong></span> <span class='ocrx_word' id='word_1_304' title='bbox 1186 3556 1373 3625; x_wconf 82' lang='lat' dir='ltr'><strong>usurpabatur,</strong></span> <span class='ocrx_word' id='word_1_305' title='bbox 1391 3568 1420 3608; x_wconf 91' lang='lat' dir='ltr'><strong>ut</strong></span> 
     </span>
     <span class='ocr_line' id='line_1_35' title="bbox 358 3631 1419 3707; baseline 0 -21"><span class='ocrx_word' id='word_1_306' title='bbox 358 3631 483 3694; x_wconf 82' lang='lat' dir='ltr'><strong>nuntius,</strong></span> <span class='ocrx_word' id='word_1_307' title='bbox 496 3643 526 3683; x_wconf 90' lang='lat' dir='ltr'><strong>ut</strong></span> <span class='ocrx_word' id='word_1_308' title='bbox 535 3632 645 3701; x_wconf 90' lang='lat' dir='ltr'><strong>opinor,</strong></span> <span class='ocrx_word' id='word_1_309' title='bbox 658 3650 673 3685; x_wconf 86' lang='lat' dir='ltr'><strong>s</strong></span> <span class='ocrx_word' id='word_1_310' title='bbox 684 3633 773 3686; x_wconf 87' lang='lat' dir='ltr'><strong>Sicilia</strong></span> <span class='ocrx_word' id='word_1_311' title='bbox 786 3654 793 3684; x_wconf 86' lang='lat'><em>=</em></span> <span class='ocrx_word' id='word_1_312' title='bbox 807 3654 868 3705; x_wconf 88' lang='lat' dir='ltr'><strong>poe-</strong></span> <span class='ocrx_word' id='word_1_313' title='bbox 909 3633 1000 3687; x_wconf 79' lang='lat' dir='ltr'><strong>videre</strong></span> <span class='ocrx_word' id='word_1_314' title='bbox 1016 3648 1056 3687; x_wconf 88' lang='lat' dir='ltr'><strong>est</strong></span> <span class='ocrx_word' id='word_1_315' title='bbox 1072 3634 1145 3707; x_wconf 89' lang='lat' dir='ltr'><strong>apud</strong></span> <span class='ocrx_word' id='word_1_316' title='bbox 1158 3636 1323 3697; x_wconf 85' lang='lat' dir='ltr'><strong>Varronem,</strong></span> <span class='ocrx_word' id='word_1_317' title='bbox 1337 3634 1419 3687; x_wconf 86' lang='lat' dir='ltr'><strong>Sene-</strong></span> 
     </span>
     <span class='ocr_line' id='line_1_36' title="bbox 358 3711 1419 3784; baseline 0.004 -23"><span class='ocrx_word' id='word_1_318' title='bbox 358 3721 428 3762; x_wconf 89' lang='lat' dir='ltr'><strong>mata</strong></span> <span class='ocrx_word' id='word_1_319' title='bbox 440 3711 510 3780; x_wconf 87' lang='lat' dir='ltr'><strong>ejus,</strong></span> <span class='ocrx_word' id='word_1_320' title='bbox 520 3728 566 3763; x_wconf 84' lang='lat' dir='ltr'><strong>seu</strong></span> <span class='ocrx_word' id='word_1_321' title='bbox 577 3712 678 3764; x_wconf 85' lang='lat' dir='ltr'><strong>fabulas</strong></span> <span class='ocrx_word' id='word_1_322' title='bbox 688 3711 778 3765; x_wconf 83' lang='lat' dir='ltr'><strong>laudat</strong></span> <span class='ocrx_word' id='word_1_323' title='bbox 789 3714 868 3767; x_wconf 81' lang='lat' dir='ltr'><strong>Atha·</strong></span> <span class='ocrx_word' id='word_1_324' title='bbox 908 3732 981 3775; x_wconf 89' lang='lat' dir='ltr'><strong>cam,</strong></span> <span class='ocrx_word' id='word_1_325' title='bbox 997 3714 1078 3784; x_wconf 86' lang='lat' dir='ltr'><strong>Epist.</strong></span> <span class='ocrx_word' id='word_1_326' title='bbox 1092 3715 1213 3777; x_wconf 81' lang='lat' dir='ltr'><strong>XXVII,</strong></span> <span class='ocrx_word' id='word_1_327' title='bbox 1226 3726 1252 3766; x_wconf 86' lang='lat' dir='ltr'><strong>et</strong></span> <span class='ocrx_word' id='word_1_328' title='bbox 1266 3712 1419 3766; x_wconf 88' lang='lat' dir='ltr'><strong>Petronium</strong></span> 
     </span>
     <span class='ocr_line' id='line_1_37' title="bbox 358 3780 1419 3865; baseline 0.004 -26"><span class='ocrx_word' id='word_1_329' title='bbox 358 3780 445 3853; x_wconf 63' lang='lat' dir='ltr'><strong>naus,</strong></span> <span class='ocrx_word' id='word_1_330' title='bbox 462 3789 510 3840; x_wconf 86' lang='lat' dir='ltr'><strong>lib.</strong></span> <span class='ocrx_word' id='word_1_331' title='bbox 530 3788 612 3853; x_wconf 81' lang='lat' dir='ltr'><strong>XVI,</strong></span> <span class='ocrx_word' id='word_1_332' title='bbox 626 3807 687 3861; x_wconf 83' lang='lat' dir='ltr'><strong>pag.</strong></span> <span class='ocrx_word' id='word_1_333' title='bbox 709 3793 765 3843; x_wconf 88' lang='lat'><strong>616</strong></span> <span class='ocrx_word' id='word_1_334' title='bbox 787 3811 826 3862; x_wconf 88' lang='lat' dir='ltr'><strong>sq.</strong></span> <span class='ocrx_word' id='word_1_335' title='bbox 841 3804 867 3845; x_wconf 90' lang='lat' dir='ltr'><strong>et</strong></span> <span class='ocrx_word' id='word_1_336' title='bbox 908 3792 937 3843; x_wconf 92' lang='lat' dir='ltr'><strong>in</strong></span> <span class='ocrx_word' id='word_1_337' title='bbox 952 3792 1064 3863; x_wconf 87' lang='lat' dir='ltr'><strong>Satyric.</strong></span> <span class='ocrx_word' id='word_1_338' title='bbox 1077 3792 1290 3865; x_wconf 75' lang='lat' dir='ltr'><strong>compendiaria·</strong></span> <span class='ocrx_word' id='word_1_339' title='bbox 1312 3792 1364 3844; x_wconf 78' lang='lat' dir='ltr'><strong>illu</strong></span> <span class='ocrx_word' id='word_1_340' title='bbox 1379 3792 1419 3843; x_wconf 84' lang='lat' dir='ltr'><strong>vi·</strong></span> 
     </span>
     <span class='ocr_line' id='line_1_38' title="bbox 359 3866 1418 3941; baseline 0.002 -22"><span class='ocrx_word' id='word_1_341' title='bbox 359 3866 426 3937; x_wconf 80' lang='lat'>637.</span> <span class='ocrx_word' id='word_1_342' title='bbox 441 3867 530 3919; x_wconf 82' lang='lat' dir='ltr'><strong>Haun.</strong></span> <span class='ocrx_word' id='word_1_343' title='bbox 908 3868 1007 3923; x_wconf 91' lang='lat' dir='ltr'><strong>dentur</strong></span> <span class='ocrx_word' id='word_1_344' title='bbox 1022 3890 1090 3937; x_wconf 85' lang='lat' dir='ltr'><strong>esse,</strong></span> <span class='ocrx_word' id='word_1_345' title='bbox 1099 3873 1132 3925; x_wconf 76' lang='lat' dir='ltr'><strong>ter</strong></span> <span class='ocrx_word' id='word_1_346' title='bbox 1146 3884 1298 3941; x_wconf 70' lang='lat' dir='ltr'><strong>gmtesqrsas,</strong></span> <span class='ocrx_word' id='word_1_347' title='bbox 1310 3888 1371 3941; x_wconf 78' lang='lat' dir='ltr'><strong>quas</strong></span> <span class='ocrx_word' id='word_1_348' title='bbox 1383 3871 1418 3923; x_wconf 92' lang='lat' dir='ltr'><strong>ita</strong></span> 
     </span>
     <span class='ocr_line' id='line_1_39' title="bbox 401 3946 1417 4021; baseline 0.008 -26"><span class='ocrx_word' id='word_1_349' title='bbox 401 3952 445 4009; x_wconf 71' lang='lat'><strong>14,</strong></span> <span class='ocrx_word' id='word_1_350' title='bbox 462 3946 599 3999; x_wconf 64' lang='lat' dir='ltr'><strong>Casandro</strong></span> <span class='ocrx_word' id='word_1_351' title='bbox 611 3950 664 4015; x_wconf 67' lang='lat' dir='ltr'><strong>regi</strong></span> <span class='ocrx_word' id='word_1_352' title='bbox 678 3950 756 4017; x_wconf 79' lang='lat' dir='ltr'><strong>picta.</strong></span> <span class='ocrx_word' id='word_1_353' title='bbox 776 3950 865 4003; x_wconf 75' lang='lat' dir='ltr'><strong>blace-</strong></span> <span class='ocrx_word' id='word_1_354' title='bbox 907 3950 984 4003; x_wconf 82' lang='lat' dir='ltr'><strong>nobis</strong></span> <span class='ocrx_word' id='word_1_355' title='bbox 993 3950 1159 4021; x_wconf 88' lang='lat' dir='ltr'><strong>appellantur</strong></span> <span class='ocrx_word' id='word_1_356' title='bbox 1167 3950 1240 4021; x_wconf 83' lang='lat' dir='ltr'><strong>qaod</strong></span> <span class='ocrx_word' id='word_1_357' title='bbox 1248 3950 1275 4001; x_wconf 90' lang='lat' dir='ltr'><strong>iu</strong></span> <span class='ocrx_word' id='word_1_358' title='bbox 1288 3950 1417 4013; x_wconf 79' lang='lat' dir='ltr'><strong>cavernis,</strong></span> 
     </span>
     <span class='ocr_line' id='line_1_40' title="bbox 307 4020 1415 4100; baseline 0.009 -31"><span class='ocrx_word' id='word_1_359' title='bbox 307 4062 317 4069; x_wconf 90' lang='lat'>.</span> <span class='ocrx_word' id='word_1_360' title='bbox 358 4020 444 4079; x_wconf 84' lang='lat' dir='ltr'><strong>daniae</strong></span> <span class='ocrx_word' id='word_1_361' title='bbox 457 4025 629 4095; x_wconf 74' lang='lat' dir='ltr'><strong>regillam.</strong></span> <span class='ocrx_word' id='word_1_362' title='bbox 906 4028 1415 4100; x_wconf 55' lang='lat' dir='ltr'><strong>[restaurepertasint,teatellaphaele</strong></span> 
     </span>
     <span class='ocr_line' id='line_1_41' title="bbox 401 4101 1418 4178; baseline 0.012 -25"><span class='ocrx_word' id='word_1_363' title='bbox 401 4101 444 4154; x_wconf 82' lang='lat'><strong>15.</strong></span> <span class='ocrx_word' id='word_1_364' title='bbox 470 4104 611 4159; x_wconf 67' lang='lat' dir='ltr'><strong>Luctum.</strong></span> <span class='ocrx_word' id='word_1_365' title='bbox 636 4105 685 4159; x_wconf 78' lang='lat' dir='ltr'><strong>Tris</strong></span> <span class='ocrx_word' id='word_1_366' title='bbox 717 4106 862 4175; x_wconf 62' lang='lat' dir='ltr'><strong>tatemer,</strong></span> <span class='ocrx_word' id='word_1_367' title='bbox 907 4108 1059 4178; x_wconf 77' lang='lat' dir='ltr'><strong>Borgbinio.</strong></span> <span class='ocrx_word' id='word_1_368' title='bbox 1071 4109 1169 4163; x_wconf 87' lang='lat' dir='ltr'><strong>Earum</strong></span> <span class='ocrx_word' id='word_1_369' title='bbox 1179 4127 1257 4163; x_wconf 89' lang='lat' dir='ltr'><strong>usum</strong></span> <span class='ocrx_word' id='word_1_370' title='bbox 1266 4107 1418 4178; x_wconf 67' lang='lat' dir='ltr'><strong>egregiera</strong></span> 
     </span>
    </p>
   </div>
   <div class='ocr_carea' id='block_1_4' title="bbox 0 0 1554 5125">
    <p class='ocr_par' dir='ltr' id='par_1_4' title="bbox 0 0 1554 5125">
     <span class='ocr_line' id='line_1_42' title="bbox 0 0 1554 5125; baseline 0 0"><span class='ocrx_word' id='word_1_371' title='bbox 0 0 1554 5125; x_wconf 95' lang='lat' dir='ltr'><strong> </strong></span> 
     </span>
    </p>
   </div>
  </div>
 </body>
</html>
