3100 5125
452 580 607 653 LIBER
630 583 816 655 XXXIII.
1122 585 1171 683 39

100 710 335 839 interponitur.
368 711 508 831 Servius.
530 699 621 785 rex¹⁵
652 714 780 834 primus
806 715 949 835 signavit
976 738 1029 787 α.
1061 718 1169 789 Antea

98 814 172 885 rudr
226 840 307 885 usos
328 818 448 887 Romu
468 820 613 891 Timaeus
631 820 775 891 tradrt¹⁷.
796 822 971 917 Signatum
988 808 1072 893 cst¹⁸
1087 838 1170 895 nota

100 920 268 1017 pecudum
295 948 304 990 τ
329 923 421 993 unde
437 938 470 993 et
485 926 654 1021 pecunia¹⁹
666 926 840 1023 appellata.
850 926 1170 1001 ttaximus²⁰census

99 1052 143 1098 cx
161 1052 201 1098 ss.
218 1030 349 1099 assium
371 1029 435 1100 luit
449 1028 506 1101 illo
524 1058 602 1129 rege
620 1059 628 1103 ε
650 1049 684 1103 et
705 1034 781 1104 ideo
801 1034 873 1104 haec
891 1033 1029 1128 prima²¹
1047 1034 1169 1107 classis.

135 1146 290 1203 ¹5.Smiss
301 1168 348 1201 res
357 1155 458 1222 μήπω.
471 1154 616 1225 Septimius
660 1153 697 1209 du
714 1166 771 1209 ets
790 1155 890 1227 quibus
903 1156 1020 1227 primurn
1039 1156 1171 1229 signatum

97 1228 207 1281 Plos'ens
224 1230 349 1301 Apolog.
372 1229 453 1285 tradit
473 1233 616 1288 Saturnum
661 1254 696 1289 us
703 1253 815 1301 purum,
823 1246 977 1305 argentum,
988 1236 1079 1289 multis
1089 1237 1173 1307 expli·

97 1308 214 1379 primum
222 1310 356 1363 omnium
364 1330 506 1366 nummum
519 1315 617 1387 signas·
660 1312 711 1369 cat.
722 1313 971 1383 Dan—Sigustum
981 1327 1025 1367 est.
1033 1316 1105 1368 Bove
1115 1316 1172 1381 ,vel

98 1406 137 1451 ι,
150 1406 182 1441 ae
198 1387 265 1441 ideo
279 1389 415 1444 creditum
430 1394 516 1449 erarii
527 1394 617 1465 prasi-
660 1412 723 1449 me:
738 1400 809 1461 Βοῦν,
820 1394 837 1452 ἢ
849 1392 1009 1465 opidorum
1024 1402 1067 1449 σῦν
1079 1396 1172 1464 ἆπιχί·

99 1466 166 1521 dem.
187 1468 334 1523 marisiae
351 1472 522 1527 Grammatic.
540 1495 563 1539 r,
583 1492 616 1527 ex
660 1494 748 1547 partos
764 1482 813 1527 τῶν
828 1476 987 1546 νομισμάτων
1003 1478 1052 1537 τοῖς
1065 1481 1170 1528 nnsis·

97 1548 618 1607 nnsliVarronistrsdituummumsr·
659 1555 759 1620 πότοις,
773 1554 862 1622 inquit
883 1554 1017 1608 Plutarch.
1038 1556 1066 1607 in
1081 1554 1172 1625 Popli-

95 1640 221 1697 3enteum
234 1629 387 1684 condatum
400 1631 488 1704 primo
498 1652 512 1685 a
524 1632 616 1687 Servio
660 1634 734 1699 cols,
756 1652 817 1706 pag.
836 1632 905 1699 103,
927 1646 953 1687 et
975 1634 1004 1687 in
1023 1634 1170 1701 Quustiou.

95 1706 178 1759 'Iullo
194 1720 319 1779 quatum
337 1712 470 1782 scriptulis
489 1716 616 1785 majorem
660 1714 737 1767 Rom.
754 1733 782 1784 p.
803 1718 869 1784 ²7⁴·
885 1714 987 1776 Varro,
1004 1712 1039 1767 de
1055 1716 1094 1767 lie
1106 1725 1171 1766 rust.

98 1804 178 1858 quan
191 1806 351 1844 nummum.
366 1792 504 1845 Victorius
522 1793 568 1845 tit.
579 1792 616 1859 V,
659 1792 706 1846 lib.
720 1795 764 1857 11·‚
779 1812 837 1863 cap.
856 1810 881 1857 ι,
901 1810 930 1865 p.
948 1794 985 1849 85
1000 1814 1007 1845 :
1024 1820 1037 1843 ι
1050 1794 1085 1846 Et
1098 1792 1172 1864 quod

98 1884 155 1937 cup.
170 1867 220 1920 13.
236 1868 359 1922 nra-
374 1870 470 1924 Servius
489 1892 540 1925 rec.
554 1872 618 1926 (las-
659 1872 915 1945 etantiquissimum
927 1871 999 1947 quod
1010 1884 1049 1926 est
1059 1872 1172 1939 flatum,

99 1945 244 2013 dodorus,
255 1948 323 2002 Var.
333 1950 542 2017 lib.VIl,l'urm.
556 1952 589 2006 Ia
608 1968 615 2005 ι
660 1970 756 2025 pecore
772 1965 811 2006 est
825 1964 955 2007 notatum.
970 1978 981 2000 ι
998 1954 1033 2006 Et
1048 1952 1097 2006 lib.
1112 1951 1172 2007 Ide

101 2052 113 2074 ι
123 2028 235 2080 Servius
249 2044 298 2101 rex
310 2042 444 2084 monetam
458 2031 486 2084 in
498 2049 550 2085 sere
564 2032 618 2103 pri·
660 2033 715 2087 vita
727 2032 934 2104 pupuliromani
946 2050 954 2087 :
969 2058 981 2081 ι
997 2033 1052 2085 Aut
1063 2033 1173 2100 bovem,

100 2124 175 2159 mum
197 2108 368 2179 impressisse
385 2110 549 2181 perhibetur.
564 2136 575 2159 ι
595 2112 618 2164 Δ
660 2125 707 2165 ant
719 2130 808 2177 orem,
825 2112 1124 2180 sutversecem,lrabet
1137 2110 1173 2165 si·

100 2184 217 2239 §turno
248 2200 325 2242 antea
353 2190 483 2261 signatum
508 2189 619 2244 trsdidit
662 2210 755 2263 gnum.
770 2217 783 2239 ι
797 2188 891 2244 llsan.
1042 2190 1045 2195 ’

102 2264 327 2339 lsidorns‚0rig.
343 2268 391 2322 lib.
404 2270 488 2334 XVI,
498 2288 557 2341 cap.
573 2288 617 2340 17.
703 2289 750 2341 ¹9·
764 2270 834 2324 Unde
841 2283 865 2323 et
872 2272 984 2342 permis.
1001 2269 1108 2341 Spectat
1117 2270 1172 2324 lanc

102 2344 153 2398 ssd
174 2365 223 2399 eos
243 2361 368 2401 auctores
389 2363 495 2404 secutus
511 2364 551 2404 est
569 2350 618 2422 qui
662 2350 859 2421 quadamtenus
875 2348 949 2422 quod
960 2349 998 2403 ait
1009 2350 1172 2415 Columella,

103 2426 216 2479 nisum
230 2426 333 2480 omnis.
348 2429 431 2481 Haan
662 2428 690 2483 in
703 2430 781 2501 prul.
792 2429 896 2482 tiuvu
910 2447 917 2481 :
937 2454 949 2477 ι
961 2429 1078 2483 Nomina
1091 2442 1173 2498 pecu·

144 2510 191 2560 ιδ.
205 2508 295 2558 Antea
309 2508 374 2560 rudi.
387 2508 487 2561 Gentes
497 2506 617 2581 quedam
661 2508 713 2561 nio
730 2520 758 2562 et
780 2508 878 2580 peculii
901 2518 984 2561 tracta
1009 2506 1135 2560 sidentur
1157 2526 1173 2561 a

107 2597 134 2639 et
144 2586 268 2657 plumbo.
283 2588 481 2642 Leontinorum
498 2607 512 2641 e
530 2589 618 2642 Sicilia
661 2607 773 2660 pecore,
796 2585 870 2660 quod
887 2607 943 2640 non
962 2587 1047 2640 solum
1064 2589 1175 2641 Veteres

108 2665 263 2736 plumbeum
293 2667 436 2720 n'ummurn
463 2665 618 2721 indubitatae
662 2667 851 2739 possederunt,
865 2665 1007 2720 tedadlruc
1017 2665 1090 2738 apud
1100 2685 1174 2738 quas-

106 2745 268 2816 sntiqaitstis
294 2746 324 2799 in
348 2748 442 2800 lduseo
460 2761 551 2801 nostro
568 2767 619 2802 ser·
662 2746 724 2801 dam
740 2759 831 2820 gentes
851 2764 935 2799 unum
947 2757 1091 2816 usurpatur
1104 2745 1173 2799 divi-

104 2843 203 2878 vamus.
226 2829 263 2880 Et
288 2826 449 2898 plumbeum
475 2846 617 2882 nummum
661 2828 759 2882 tiorum
778 2845 868 2898 genus.
885 2850 896 2873 ι
912 2825 961 2879 llis
981 2822 1051 2880 adde
1068 2844 1099 2879 es
1114 2843 1173 2898 qaas

104 2907 212 2959 Plautus
227 2907 257 2959 in
275 2907 424 2960 trinummo
437 2907 524 2961 habet.
536 2907 571 2961 lt.
661 2905 778 2961 discimus
791 2907 839 2958 lib.
849 2907 961 2971 XVIII,
976 2923 1034 2976 cap.
1048 2904 1074 2958 3.
1089 2905 1173 2959 Pecu·

144 3003 190 3056 ¹7·
214 2987 326 3039 Tisaoeus
345 2987 429 3040 trudit.
450 2985 550 3040 Reddit
574 3007 620 3042 au·
662 2987 734 3040 niam
757 2983 858 3040 idcirco
887 2986 1005 3039 lortmsis
1027 3003 1078 3057 pro
1103 3003 1173 3038 seren

102 3079 221 3124 morem,
234 3079 268 3119 ut
283 3068 367 3134 solet,
380 3065 464 3139 quu’m
475 3067 556 3122 iidem
571 3067 621 3120 ob·
663 3079 764 3121 tantum
797 3083 910 3118 nummo
930 3065 1041 3118 Veteres
1072 3063 1172 3117 dixere.

100 3146 235 3217 stringere
255 3147 397 3218 propriam
413 3167 469 3200 non
484 3146 572 3201 audet.
586 3147 620 3200 Et
663 3144 833 3218 Lampridius
848 3146 876 3198 iu
886 3143 1040 3198 Alexandro
1051 3144 1170 3198 Severo:

100 3226 179 3298 longe
194 3239 263 3280 ante
279 3245 293 3278 a
309 3228 380 3281 lano
395 3228 526 3299 signatum
541 3226 622 3281 fuisse
667 3253 679 3276 ι
693 3225 810 3280 Scenicis
822 3242 966 3295 numquam
977 3241 1086 3288 aurum,
1096 3241 1175 3277 num·

99 3319 196 3362 metor
214 3319 260 3360 est
273 3305 397 3361 Macrob.
409 3309 516 3361 Saturn.
528 3307 576 3360 lib.
591 3307 620 3373 1·‚
664 3325 744 3380 quam
758 3304 966 3376 argentum,va
975 3303 1116 3375 pecuniam
1127 3301 1173 3355 do·

98 3405 120 3440 c
135 3406 163 3458 7,
173 3405 205 3456 p.
219 3407 235 3440 s
244 3405 293 3457 ¹7·
306 3389 331 3439 A
342 3387 431 3442 Numa
444 3387 545 3440 Plinius
555 3387 622 3458 ipse,
647 3385 746 3452 ¹navit.
760 3410 772 3432 ι
789 3382 880 3436 lisso.

98 3467 143 3520 lib.
157 3467 303 3532 XXXIV,
316 3485 375 3539 cap.
394 3485 420 3521 t.
439 3467 486 3520 Est
499 3479 585 3520 autem
600 3465 622 3518 is
707 3483 750 3517 so.
784 3463 907 3517 Maximus
939 3481 1029 3516 census.
1066 3459 1173 3525 Livius,

98 3549 236 3614 Timacus,
251 3547 303 3618 qui
317 3545 352 3600 de
366 3547 494 3600 metallica
505 3545 622 3617 discipli·
663 3545 710 3598 lib.
726 3545 754 3608 1,
763 3563 790 3614 p.
807 3547 854 3608 16,
863 3543 957 3614 prima
970 3539 1172 3595 classiscensum

96 3647 129 3682 aa
141 3628 293 3701 scripsisse
309 3627 337 3680 in
352 3627 436 3696 hujus
452 3627 513 3680 libri
528 3624 621 3679 Iudice
665 3621 802 3687 aitiuisse,
812 3623 904 3676 Servio
913 3639 974 3694 roge
983 3622 1019 3675 sic
1028 3632 1173 3685 statuente,

95 3709 206 3763 dicitur.
223 3708 291 3761 Hoc
305 3708 369 3760 locu
385 3707 451 3778 lieg.
465 3726 491 3772 s,
510 3707 619 3762 Temeos.
664 3716 771 3758 centum
786 3703 901 3755 millium
919 3702 986 3756 aeris.
998 3702 1100 3765 Festus,
1114 3718 1173 3753 cxx.
1198 3747 1202 3753 .

95 3787 187 3844 chiffl.
200 3788 386 3842 etParmens.
399 3785 482 3839 editio
492 3799 564 3840 tecte
579 3786 622 3839 Ti·
666 3783 786 3848 Gellius,
797 3782 901 3836 libNII
909 3822 917 3847 ‚
931 3800 989 3852 cap.
1005 3779 1051 3846 1³,
1064 3799 1091 3852 p.
1108 3777 1174 3842 nli,

94 3891 174 3924 nus.
185 3865 270 3922 Editi
283 3866 415 3937 deinceps
425 3865 502 3932 iibri,
513 3867 623 3932 liemetu,
665 3864 703 3917 ait
720 3863 802 3916 luisse
821 3872 930 3914 centum
951 3873 979 3914 et
993 3879 1046 3914 xxv
1060 3857 1175 3912 millium

93 3953 192 4022 inepte.
208 3947 313 4000 unu.
667 3943 733 3997 aris.
751 3943 786 3995 H.
810 3973 850 3984 -
870 3941 960 4007 Quum
982 3939 1089 3993 librales
1111 3949 1177 3990 tuoe

133 4033 182 4086 rs.
199 4028 348 4100 Signatum
367 4036 405 4077 est
422 4036 480 4078 nota
498 4025 623 4098 pecudum.
645 4069 649 4078 ,
669 4035 753 4078 essem
765 4039 850 4087 asses,
866 4032 973 4074 centum
986 4017 1078 4072 decem
1093 4015 1177 4071 millis

95 4112 169 4166 Alex.
193 4109 232 4164 els
250 4106 341 4160 Alex.
359 4103 407 4158 lib.
429 4106 480 4169 1v,
500 4123 558 4177 usp.
580 4103 624 4171 15,
670 4103 766 4160 assium
787 4101 906 4155 efficiunt
929 4099 1029 4173 gallicu
1055 4096 1178 4152 nostratis

93 4191 164 4246 raris
174 4185 296 4244 nummi
305 4183 384 4257 apud
392 4185 625 4258 plerasquegeutes
670 4194 783 4238 monetas
796 4181 879 4235 libras
895 4177 1008 4251 lamio.
1022 4177 1107 4231 Buor.

95 4275 228 4344 rippam,
241 4281 274 4323 et
285 4263 414 4339 ejusdem
423 4283 445 4320 c.
453 4271 625 4337 sl‚etquan·
712 4279 744 4317 st
753 4302 759 4315 .
769 4263 854 4316 Primo
863 4261 954 4314 cunt.
963 4257 1003 4312 Ut
1015 4257 1108 4311 clstses
1118 4277 1180 4313 ceu-

1023 4343 1063 4417 34
