3100 5125
160 486 166 495 ·
256 544 318 611 DE
343 543 444 610 AERE
466 543 523 610 ET
548 543 654 610 EIUS
679 535 1008 612 RECREMENTIS.
1096 544 1160 614 261

92 664 130 716 du
141 680 215 733 sory,
225 680 255 715 aa
264 661 433 715 consistence
451 663 627 735 spongieuse‚
639 680 688 715 son
704 675 795 734 espect
808 681 867 733 gres
880 662 947 718 dans
960 664 985 717 le
994 665 1127 738 luoysge,
1138 677 1165 719 et

93 769 140 804 sou
156 750 247 804 odeur
256 749 455 804 neuseebonde.

125 839 219 907 (Nunc
234 837 364 891 denariis
382 838 460 910 cupri
471 841 644 892 recrementis
656 841 752 893 iterum
766 838 922 895 inducimus
932 838 1098 895 Geoffreum
1111 840 1165 896 dis·

94 939 227 980 serentem
251 927 403 980 luculenter
428 937 454 979 et
466 925 564 993 docte,
592 940 621 980 ut
645 929 727 989 solet,
745 946 902 999 quanquam
922 941 1016 982 cnutus
1035 929 1116 983 nimis
1133 949 1164 983 eo

94 1014 268 1068 meticulosus
282 1016 312 1067 in
330 1015 472 1085 generibus
489 1014 646 1068 definiendis
665 1015 748 1068 rideri
767 1020 874 1087 potest)
1151 1023 1152 1028 ’

126 1103 210 1155 Varie
234 1104 312 1173 cupri
335 1114 499 1155 recrementa
516 1123 530 1155 e
542 1103 684 1156 Veteribus
702 1117 862 1175 preparate,
877 1116 905 1157 et
919 1104 946 1156 in
966 1104 1164 1159 medicamentis

94 1202 220 1262 usurpata
227 1190 335 1243 fumum
344 1189 444 1262 ‚qualia
453 1203 515 1242 sunt
525 1186 631 1261 erugo,
641 1189 772 1256 fissuris,
784 1203 931 1252 assuetum,
941 1204 967 1244 et
976 1210 1084 1265 squems
1092 1194 1163 1246 eris:

96 1297 126 1332 ex
139 1278 183 1330 ltis
194 1297 286 1350 erugo
298 1278 354 1330 fere
365 1283 420 1332 sols
431 1279 459 1330 in
472 1297 550 1332 usum
560 1279 641 1332 venit.

129 1369 247 1436 flrugo,
260 1383 308 1418 seu
321 1364 408 1418 viride
416 1365 474 1418 eris
482 1365 562 1419 offic.
572 1357 609 1426 lt<
619 1365 689 1426 ξυςδς
698 1363 869 1428 Grncumm3
880 1366 975 1437 gallice
984 1371 1083 1432 cerda,
1096 1382 1166 1420 uert-

96 1457 198 1522 dogn's.
207 1455 256 1506 Est
268 1453 366 1526 rubigo
375 1452 498 1525 quedam
508 1452 603 1507 viridis
612 1471 642 1507 er
651 1453 758 1506 lerninis
766 1454 873 1526 cupreis
881 1453 983 1507 abrasa.
996 1455 1086 1524 (Geni.
1096 1456 1167 1510 infre

96 1547 228 1594 udonem
242 1545 275 1593 de
286 1545 381 1605 oriere,
395 1546 560 1594 sous-acures
572 1546 604 1597 de
616 1545 715 1611 cuim).

131 1633 235 1701 AEmgo
253 1629 398 1701 pictoribus
410 1642 437 1683 et
461 1630 635 1684 infectoribus
652 1629 770 1684 inservit.
790 1632 813 1683 A
830 1630 940 1686 medicis
957 1649 1021 1685 vero
1037 1631 1169 1686 rarissime

96 1719 196 1770 interne
203 1718 354 1783 exhibetur,
363 1719 526 1790 sepiusvero
535 1731 654 1771 externe.
664 1717 776 1771 llulcers
787 1718 898 1790 detergit
908 1730 933 1772 et
943 1719 1064 1782 exsiccet,
1074 1738 1167 1773 cernes

98 1807 223 1878 fungosa
239 1819 267 1858 et
284 1806 429 1877 superfluus
450 1806 597 1871 consumit,
614 1807 698 1860 cellos
719 1805 814 1860 exedit.
832 1807 983 1878 Usurpetnr
1002 1808 1030 1860 in
1050 1808 1167 1864 halsemn

97 1893 175 1946 viridi
184 1895 346 1947 Metensinm
362 1897 397 1948 D.
406 1894 525 1957 Cltsras,
539 1894 568 1947 in
582 1906 718 1964 unguento
737 1893 829 1955 viridi,
845 1906 979 1965 unguento
993 1897 1165 1968 Egyptians,

98 1993 236 2054 unguento
246 1983 427 2052 spostolorum
437 2021 445 2046 ,
464 1993 515 2036 etc.

131 2070 193 2124 tto·
203 2072 263 2124 seris
272 2070 354 2124 otttc.
364 2078 459 2124 Χαλκοῦ
469 2071 535 2131 ἄνθος
543 2070 710 2130 ὓιεοοτυιιι.
724 2070 791 2122 nihil
801 2069 872 2124 eliud
884 2083 922 2124 est
932 2089 1011 2143 quent
1026 2090 1061 2125 res
1070 2073 1097 2125 in
1108 2091 1168 2144 gre·

99 2157 160 2210 nule
173 2158 341 2222 tenuissima,
357 2158 425 2212 milii
437 2159 532 2223 instar,
546 2159 692 2212 reductum.
709 2161 779 2212 Dum
793 2159 864 2210 enim
884 2177 918 2212 es
930 2159 1016 2211 lusum
1031 2160 1058 2212 iu
1072 2159 1169 2216 formes

99 2244 241 2311 delabitur,
251 2257 396 2316 antequem
409 2257 485 2299 coest
493 2245 522 2297 in
533 2264 643 2299 massam
654 2245 762 2305 durem,
775 2264 850 2316 aqum
862 2245 962 2315 frigide
973 2246 1104 2300 effusione
1113 2249 1170 2301 bec

100 2334 274 2387 minutissima
285 2335 398 2406 granula
409 2335 531 2406 undique
542 2346 685 2407 erumpunt
694 2345 721 2386 ct
730 2333 874 2388 dissiliunt.

132 2425 240 2489 (Χαλκοῦ
254 2422 483 2483 dudecGrsrccrnm
493 2421 562 2475 illud
574 2422 685 2474 minime
693 2420 916 2474 confundendum
928 2434 1037 2476 osteum
1043 2423 1168 2476 reichen-

100 2508 145 2561 tlto
156 2509 249 2573 eo,de
258 2529 315 2584 quo
324 2511 427 2565 Plinius
438 2511 492 2564 hoo
503 2511 563 2583 ipso
576 2511 620 2564 lib.
628 2510 691 2581 agit,
704 2508 777 2582 quod
792 2509 877 2562 nostri
890 2521 999 2573 vocant,
1008 2512 1095 2562 vitrici
1102 2516 1168 2575 ileu,

99 2600 203 2665 suffers,
220 2601 263 2652 ael
274 2602 486 2666 hydro-trisrlfate
500 2604 532 2651 ds
545 2604 642 2665 curre,
656 2598 690 2652 de
704 2617 757 2670 quo
766 2600 838 2652 conf.
849 2599 938 2667 infre.)

132 2688 180 2737 Ε·
193 2699 283 2741 ustum
296 2687 376 2741 Ollio.
389 2690 483 2747 Χιλκὸς
499 2688 641 2757 κεκαυμένος
658 2686 820 2739 Greoornm.
834 2686 880 2739 Est
898 2703 1011 2758 cuprum
1024 2688 1052 2741 in
1069 2690 1168 2743 cslcem

101 2792 241 2827 trucumse
258 2775 406 2837 reductum,
423 2774 466 2828 vel
480 2776 584 2838 solum,
605 2775 649 2828 vel
666 2792 727 2827 cunt
746 2773 879 2847 sulphure
893 2787 920 2827 et
934 2776 988 2829 sele
1004 2776 1170 2849 interspersis

100 2862 262 2915 diuturniori
284 2863 460 2917 celcinutione
479 2864 506 2915 in
526 2864 608 2917 furno
630 2863 773 2916 reverberii
799 2863 978 2917 combustum.
1001 2864 1120 2920 Exsiccat
1143 2880 1171 2921 et

102 2950 240 3021 adstringit
253 2972 314 3004 cum
329 2953 444 3022 quedem
455 2953 605 3005 estimonio.

133 3039 250 3111 Squama
262 3040 320 3093 reris
330 3040 411 3093 Offic.
421 3041 494 3101 Διπὶς
501 3048 592 3107 χαλκοῦ
600 3040 763 3093 Greoorum.
775 3040 816 3092 Ab
834 3056 886 3093 tere
898 3052 958 3093 usto
969 3057 1061 3107 perum
1074 3040 1171 3095 discre-

103 3140 156 3199 pat;
170 3140 235 3181 sunt
250 3129 323 3182 euim
337 3130 479 3182 cvnbuste
491 3130 551 3181 eris
563 3129 720 3201 particule,
739 3146 798 3199 quet
815 3146 848 3181 er
861 3146 905 3193 eo,
919 3126 985 3180 dum
999 3128 1100 3182 melleis
1111 3148 1171 3201 pen

103 3215 209 3279 cutitnr,
221 3214 364 3268 dissiliunt.
377 3215 443 3268 Huc
454 3233 579 3287 squama,
596 3217 640 3269 vel
652 3215 730 3267 etiem
742 3218 801 3287 ejus
813 3214 873 3267 loco
888 3213 1033 3268 aurichalci
1047 3216 1171 3269 limatura

102 3322 162 3355 cum
171 3303 303 3374 sulphure
311 3314 337 3355 et
346 3302 436 3355 radice
445 3304 513 3355 ireos
521 3302 659 3374 pulverete
668 3302 761 3354 calceis
771 3301 946 3372 interspersa,
961 3314 1059 3354 tetrum
1068 3300 1171 3374 pedum

104 3392 221 3444 fertonem
232 3390 370 3462 reprimit;
387 3389 435 3443 sed
449 3410 505 3443 non
517 3407 624 3461 semper
640 3388 760 3441 innoxie.
778 3388 807 3440 Si
822 3388 892 3441 enim
905 3388 1011 3441 foetidus
1024 3388 1067 3442 ille
1083 3389 1166 3445 sudor

104 3479 209 3533 incente
219 3480 388 3550 reprimetur,
399 3480 497 3550 majore
508 3496 701 3550 nonnunquam
716 3477 871 3547 funestaque
882 3477 1010 3549 ingruunt
1020 3479 1098 3532 mela.

136 3566 247 3619 Csdmia
265 3585 318 3620 vox
333 3578 371 3620 est
383 3586 443 3639 quse
460 3566 536 3620 veriis
548 3567 628 3619 rebus
639 3565 761 3636 imposita
780 3563 840 3617 fuit.
858 3564 1027 3618 Dioscorides
1041 3566 1170 3639 Kn'duues

105 3655 222 3707 nominat
235 3668 398 3708 recrementa
410 3655 533 3726 quedam
547 3672 626 3716 eree,
638 3672 698 3724 que
714 3670 747 3707 ex
760 3670 811 3705 sere
827 3652 855 3704 in
869 3651 1022 3705 fornacibus
1040 3654 1172 3710 candente

105 3742 233 3795 edentur.
243 3743 363 3796 Gelenns
371 3744 423 3797 hac
433 3762 499 3797 voce
508 3742 642 3815 duplicem
653 3740 826 3795 substantium
835 3740 954 3813 designet
965 3758 972 3793 :
984 3760 1065 3795 unam
1074 3760 1133 3813 que
1142 3744 1173 3797 iit

106 3848 209 3894 exere,
223 3832 401 3903 eamdemque
415 3850 476 3885 cum
489 3830 595 3884 cadmia
609 3829 786 3895 Dioscuridis;
806 3829 915 3883 elterem
925 3830 1040 3883 nativam
1052 3848 1066 3882 e
1081 3832 1172 3903 Cypro

106 3904 189 3973 insule
198 3919 349 3983 oriundam,
364 3940 442 3993 quern
453 3918 554 3983 ludin,
563 3918 711 3991 lapidosam
719 3918 791 3971 dicit.
800 3917 900 3970 Plinius
910 3916 1030 3969 eumdem
1041 3918 1171 3975 cadmiam

106 4028 136 4061 ex
145 4028 195 4062 cre
207 4011 335 4063 factitiam
346 4029 407 4064 cum
421 4008 572 4063 Dioscoride
584 4022 611 4063 et
625 4008 728 4061 Geleno
736 4007 872 4080 agnoscit3
885 4004 932 4059 sed
945 4006 1053 4077 insuper
1062 4006 1172 4063 alterum

106 4111 220 4151 recenset
232 4100 366 4164 nativum,
378 4116 457 4170 qnam
468 4116 578 4152 teronem
586 4098 722 4162 nominat,
734 4115 765 4150 ex
774 4114 806 4149 eo
815 4094 890 4168 quod
899 4095 957 4148 eris
968 4093 1070 4148 mittera
1082 4095 1130 4160 sit,
1141 4116 1171 4150 ex

108 4206 155 4259 qus
164 4208 281 4263 cuprum
289 4202 461 4262 excoquatur.
471 4188 570 4243 Esdetn
580 4202 620 4244 est
632 4188 742 4242 fortasse
749 4206 814 4241 cutu
824 4186 925 4241 cadmin
936 4184 1054 4258 lapidoss
1067 4184 1172 4240 Geleni.

1027 4272 1039 4311 3

981 4310 1022 4380 ¹7
