3100 5125
355 500 426 572 516
625 499 666 565 C.
692 495 854 566 PLINII
879 493 986 564 Nar.
1014 495 1146 562 HIST.

353 636 493 728 Magnes
509 611 709 725 appellatus⁶
725 641 777 695 est
792 626 834 693 ab
847 627 1018 694 inventore
1030 619 1082 714 (ut
1096 638 1213 694 auctor
1227 639 1279 694 est
1294 625 1416 696 Nican-
1535 654 1536 712 i

354 737 433 827 der)
453 742 488 808 in
507 736 568 805 lda
588 747 757 828 repertus:
775 757 918 826 namque
936 747 970 800 et
990 731 1113 824 passim
1133 731 1312 816 invenitur,
1329 746 1367 801 ut
1385 735 1418 801 in
1535 721 1536 750 ³

354 845 511 940 Hispania
538 864 680 936 quoque.
703 842 873 908 luvenisse
901 836 1031 905 autem⁷
1060 836 1184 921 fertur,
1218 835 1320 904 clavis
1344 863 1418 907 cre-

353 952 503 1046 pidarum
535 961 569 1015 et
596 943 704 1014 baculi
725 944 860 1038 cuspide
884 943 1103 1022 haerentibus,
1133 966 1235 1036 quum
1269 959 1419 1013 armenta

353 1069 512 1152 pasceret.
534 1055 691 1145 Quinque
710 1074 829 1145 genera
849 1049 1009 1142 magnetis
1030 1049 1170 1116 Sotacus
1191 1047 1417 1118 demonstrat:

353 1161 597 1255 AEthiopicum:
616 1182 635 1226 e
659 1157 831 1249 Magnesia
851 1154 1056 1224 Macedoniae
1087 1155 1310 1237 contermina,
1343 1159 1418 1223 Βω-

353 1267 449 1336 beida
475 1265 584 1335 lacum
622 1262 809 1358 petentibus
843 1260 989 1329 dextra:
1017 1260 1152 1329 tertium
1183 1261 1217 1327 in
1251 1261 1419 1354 Hyrietieo

353 1357 525 1442 Boeotiae⁸t
546 1383 701 1464 quartum
719 1368 807 1436 cirea
817 1365 1049 1435 Alexandriam
1063 1366 1225 1434 Troadem
1240 1388 1249 1432 ε
1268 1367 1419 1460 quintum

321 1518 337 1569 3
355 1480 388 1547 in
409 1478 582 1572 Magnesia
597 1475 691 1543 Asiae.
707 1472 906 1542 Differentia
929 1474 1054 1566 prima,
1070 1496 1140 1540 mas
1156 1459 1198 1539 sit
1216 1495 1259 1540 an
1278 1472 1418 1541 femina:

355 1585 505 1680 proxima
521 1584 557 1651 in
569 1579 690 1650 colore.
706 1580 793 1646 Nam
812 1580 867 1671 qui
889 1580 923 1646 in
943 1579 1113 1671 Magnesia
1131 1577 1349 1646 Macedonica
1367 1603 1419 1646 re·

355 1686 558 1786 periuntur⁹‚
577 1685 642 1754 rufi
662 1685 814 1780 nigrique
835 1697 920 1752 sunt.
951 1685 1097 1752 Boeotius
1117 1708 1198 1752 vero
1218 1683 1283 1752 ruli
1304 1682 1432 1753 coloris·

355 1796 430 1892 plus
441 1795 557 1875 habet,
576 1815 674 1885 vam
693 1791 791 1883 nigri.
814 1792 845 1857 Is
862 1789 919 1882 qui
938 1789 973 1857 in
989 1789 1118 1858 Troade
1136 1789 1312 1868 invenitur,
1330 1791 1421 1884 niger

355 1917 407 1971 est
434 1915 468 1969 et
493 1899 625 1968 feminei
648 1920 763 1978 sexus,
784 1893 924 1988 ideoque
948 1895 1017 1962 sine
1046 1894 1183 1964 viribus.
1213 1897 1421 1964 Deterrimus

357 2021 467 2076 autem
489 2005 522 2072 in
542 2003 713 2096 Magnesia
734 2001 838 2085 Asiae,
854 1999 1014 2069 candidus
1030 2026 1137 2094 neque
1158 2001 1328 2069 attrahens
1353 2000 1419 2069 fer-

358 2139 450 2196 rum,
461 2108 638 2202 similisque
654 2107 788 2201 pumici.
803 2107 1020 2200 Compertum
1035 2121 1129 2176 tanto
1144 2105 1327 2175 meliores¹⁰
1342 2131 1421 2190 esse,

355 2287 408 2348 λιῖ,
424 2284 445 2335 el
459 2277 488 2334 dl
502 2276 637 2350 arripite,
655 2281 676 2331 ol
691 2272 721 2331 ll
734 2269 867 2347 ilperini»-
911 2295 965 2328 esse
976 2276 1125 2332 docuimus.
1133 2279 1421 2350 la-Magmsxulgo,

357 2385 404 2416 τιν.
417 2362 462 2414 ΑΙ)
473 2361 598 2414 Heraclea
614 2356 706 2429 Lydiae
718 2357 825 2410 civitate
838 2353 866 2409 id
912 2359 1005 2408 armant
1035 2356 1096 2424 (ser
1127 2363 1295 2429 urguerique,
1327 2359 1423 2412 osidrde'

358 2443 384 2496 ei
403 2459 501 2494 nomen
522 2438 626 2491 lauisse
649 2436 788 2507 signifieat.
811 2435 868 2488 Mei·
912 2436 1049 2506 emorplre),
1063 2437 1146 2490 veriet
1159 2439 1305 2492 eoloribue.
1320 2441 1375 2492 En.

357 2541 455 2593 gruona
468 2520 531 2580 λίθος
556 2529 583 2571 et
604 2507 729 2588 Ἡράκλεια
751 2515 866 2575 Taetze,
953 2532 980 2585 7.
997 2516 1116 2569 [aremare
1125 2529 1203 2570 aulem
1208 2519 1301 2586 serem
1311 2531 1361 2573 ete.
1371 2518 1418 2573 lai·

360 2598 477 2657 Clriliad.
487 2600 576 2662 Vl,v.
592 2600 658 2665 627.
675 2598 768 2649 llrnn.
913 2593 1010 2658 dorus,
1024 2596 1073 2649 loe.
1086 2598 1130 2649 cit.
1144 2598 1235 2651 Haeo.

401 2685 428 2732 6.
444 2678 547 2747 Magnes
566 2675 710 2745 appellatas.
733 2672 869 2739 Isidorus,
955 2676 982 2728 8.
999 2676 1030 2727 la
1045 2675 1421 2747 Hyrierieolloeorioe.1negro,

361 2760 454 2829 Origg.
470 2757 516 2809 lib.
527 2755 606 2819 XVI,
623 2772 681 2825 cap.
701 2761 728 2817 4.
738 2754 807 2805 Sane
816 2754 871 2805 Me·
914 2752 1014 2823 Hyriea
1025 2755 1134 2809 Boeotie
1144 2756 1274 2827 oppidum
1285 2756 1423 2827 circumja-

360 2858 424 2911 gnes
437 2836 488 2890 viri
501 2835 641 2907 proprium
655 2852 754 2886 nomeu
766 2845 822 2895 est,
833 2846 871 2885 et·
915 2846 1002 2887 eente.
1019 2836 1059 2885 De
1070 2853 1102 2887 eo
1118 2836 1235 2906 oppido,
1245 2836 1293 2890 lib.
1303 2837 1356 2898 IV,
1365 2854 1421 2905 cap.

361 2936 453 2990 queen
463 2914 572 2967 nomine
579 2910 705 2966 Comioue
712 2910 785 2983 apud
792 2912 880 2967 athe,
919 2929 962 2965 ιι.
977 2912 1052 2965 Lib'ri
1066 2912 1193 2967 hactenus
1208 2914 1287 2979 editi.
1308 2919 1334 2967 ia
1348 2916 1423 2967 nuo

360 3016 448 3050 noenm
464 2982 596 3055 laudauit,
609 2991 657 3043 lib.
666 2992 721 3052 IX,
731 3008 791 3062 pag.
804 2990 870 3061 367.
915 2990 1026 3045 Boeotr'oe.
1036 2993 1100 3063 Reg.
1116 3012 1129 3045 a
1140 3032 1148 3057 ‚
1158 3006 1185 3047 et
1194 2994 1311 3047 Pintiani
1322 2997 1347 3046 in
1357 2994 1422 3066 Hyr-

361 3077 439 3128 -la
452 3074 499 3127 Ida
515 3082 628 3141 repertus.
640 3069 683 3123 sic
695 3070 760 3123 libri
770 3087 872 3133 omnes,
916 3072 950 3121 ero
958 3090 969 3131 ,·
984 3071 1062 3124 colb.
1078 3075 1108 3137 3,
1124 3076 1150 3124 ie
1168 3073 1282 3143 Hseu'eo.
1299 3074 1373 3127 Nihil
1385 3074 1422 3126 ri·

361 3156 439 3209 etiarn
449 3152 525 3205 MSS.
535 3151 591 3204 Neo
600 3162 704 3202 tantum
714 3148 819 3202 Isidoro
829 3149 873 3201 tri-
916 3166 974 3201 sum
982 3162 1020 3202 est
1027 3169 1095 3203 vere
1105 3152 1212 3206 lectioni
1221 3154 1422 3225 propiumqunm

362 3232 500 3287 boendum
521 3242 657 3302 putamus.
673 3241 704 3280 ut
721 3226 872 3299 quidquam
915 3227 1059 3301 Hyrieeioo‚
1075 3231 1109 3283 ab
1133 3230 1234 3301 oppido
1251 3234 1376 3297 Boeolin,
1394 3244 1422 3285 nl

362 3329 514 3366 moveamus
537 3310 590 3362 hoo
611 3308 690 3371 loeo,
719 3326 871 3379 quenquam
916 3305 1041 3373 diximus,
1057 3307 1091 3361 de
1105 3311 1315 3379 quolih.IV,o.
1331 3312 1422 3366 rmll.

362 3394 408 3445 ille
420 3389 539 3444 Pliniana
552 3389 610 3441 hee
622 3406 654 3439 ex
665 3406 739 3440 more
748 3388 871 3440 namcri-
956 3406 983 3456 9.
997 3388 1063 3439 llam
1077 3394 1154 3461 quiin
1165 3390 1311 3443 Macedonia
1324 3404 1350 3443 et
1365 3391 1422 3443 Ma·

362 3473 441 3531 bens.
455 3469 544 3539 Origg.
559 3467 605 3519 lib.
625 3467 708 3531 XVI,
722 3484 780 3537 cap.
798 3473 831 3529 4,
844 3470 870 3519 io
914 3469 999 3534 gnesin
1010 3458 1361 3541 reperiuntur(eioprius).1n
1371 3484 1420 3523 vet.

361 3553 434 3603 India
443 3550 534 3618 legisse
544 3546 679 3604 rideatur,
690 3558 720 3598 nt
730 3546 870 3599 etMarbo-
913 3544 972 3599 eod.
990 3571 1001 3593 ι
1010 3548 1078 3599 Nem
1093 3548 1178 3618 quiin
1192 3549 1327 3620 Magnesia
1338 3551 1421 3603 Maee-

361 3628 442 3694 deus,
456 3629 504 3681 lib,
516 3625 550 3678 de
564 3623 659 3696 Lepid.
672 3636 741 3695 pret.
750 3643 810 3694 cap.
822 3624 869 3688 43,
913 3622 1010 3677 donica
1026 3626 1226 3696 reperiuntur:·
1241 3642 1333 3699 posset
1345 3630 1421 3682 etiarn

362 3710 408 3762 fol,
423 3715 475 3771 41:
491 3732 503 3754 ι
513 3706 649 3773 Magnetes
657 3702 725 3773 lepis
734 3716 772 3755 est
781 3704 872 3755 inven-
913 3704 965 3773 legi
984 3703 1079 3757 eodem
1095 3724 1192 3769 sensu,
1216 3733 1228 3755 ι
1241 3709 1310 3761 Nem
1333 3710 1379 3777 qui
1395 3708 1421 3759 in

362 3802 404 3841 ru,
414 3786 488 3858 apud
498 3780 691 3853 Troglodytae,
707 3782 793 3846 Quem
808 3782 872 3852 lopi-
914 3780 1077 3837 Macedonia
1088 3785 1221 3855 Magnesia
1229 3788 1420 3858 reperiuntur,-

363 3866 427 3919 dum
454 3864 566 3937 genitrix
590 3860 764 3914 nihilominus
792 3860 870 3914 India
913 3863 1420 3937 ulpauloanle‚·AEthiopicumeeMa·

360 3947 474 4000 mittit.·
496 3941 648 3995 Inventorie
671 3950 757 4002 certe,
780 3958 794 3993 a
815 3958 869 4012 quo
913 3940 1000 4011 gnesin
1014 3942 1185 3997 Macedonio.
1198 3970 1208 3992 ·
1223 3946 1304 3998 Puer.

362 4024 477 4093 inagneti
496 4040 527 4077 ee
547 4019 632 4074 indita
650 4017 793 4089 appellatio
813 4033 869 4085 est,
957 4038 998 4073 ro.
1010 4022 1161 4093 Conpertum
1173 4025 1419 4077 emorrannum.

360 4102 411 4154 siri
421 4099 558 4167 proprium
568 4095 642 4158 apud
651 4097 758 4151 Greooe
769 4116 869 4152 nomen
914 4099 957 4153 Sic
968 4100 1151 4169 Dioeeoridee,
1161 4103 1209 4158 lib.
1222 4105 1258 4169 V,
1274 4120 1333 4175 erp.
1349 4107 1417 4167 ree:
