3100 5125
415 468 462 541 36
680 466 721 535 C.
746 466 917 536 PLINII
937 464 1048 536 NAT.
1075 465 1201 534 HIST.

416 599 567 673 salutaris
579 611 712 668 exortus
725 598 921 693 Vespasiani
937 597 1146 692 imperatoris
1163 594 1322 687 abolevit,
1343 598 1478 694 aequali·

415 724 467 779 uer
486 704 687 803 publicando
712 702 939 799 principem²¹.
962 706 1015 774 De
1036 702 1144 774 anulis
1166 705 1274 774 aureis
1293 728 1478 801 eorumque

415 839 478 884 usu
491 814 651 882 hacteuus
666 810 791 879 dictum
806 812 856 880 sit.

384 960 396 993 ι
468 922 561 997 XIlI.
581 915 789 986 Proximum¹
804 914 910 986 scelus
926 915 1022 1003 fecit,
1037 918 1095 1011 qui
1113 917 1239 1011 primus
1258 942 1299 986 ex
1317 942 1400 988 auro
1419 918 1476 987 de·

415 1022 562 1096 narium²
588 1024 730 1118 signavit
749 1048 756 1091 ε
777 1022 867 1117 quod
883 1036 917 1091 et
938 1024 1046 1117 ipsum
1067 1007 1163 1091 Ιιιῐοῐ3
1183 1036 1319 1093 auctore
1337 1025 1476 1094 incerto.

414 1130 560 1227 Populus
584 1153 741 1199 romanus
764 1152 807 1197 ne
827 1142 965 1223 argento
983 1128 1115 1223 quidem
1133 1129 1279 1222 signato,
1299 1143 1376 1200 ante
1396 1133 1478 1225 Pyr·

414 1224 536 1307 rhum⁴
559 1259 671 1331 regem
696 1234 864 1304 devictum
883 1259 962 1305 usus
979 1250 1038 1304 est.
1056 1220 1222 1304 Librales⁵
1238 1224 1253 1328 (
1268 1236 1357 1305 unde
1376 1238 1478 1306 etiam

413 1427 604 1492 peragerentur
619 1416 638 1469 ii
652 1416 767 1487 quinon
784 1415 925 1486 impetrata
954 1415 1033 1484 χίλιοι
1051 1416 1186 1484 σηστίρτιοι
1205 1416 1271 1467 ποιοῖ
1287 1409 1406 1467 διακόσια
1417 1434 1480 1467 arsu-

415 1499 466 1553 hse
479 1497 573 1561 renis,
590 1496 719 1567 principis
735 1495 879 1566 imaginem
896 1494 925 1546 in
968 1494 1077 1550 τήκοντα
1099 1490 1206 1561 δηνάρια
1232 1495 1332 1565 ἀργυρᾶ·
1358 1490 1423 1546 tem
1444 1490 1476 1546 dl

414 1575 495 1631 anulo
509 1595 541 1629 ex
552 1594 618 1627 auro
632 1586 771 1649 gestarent.
787 1574 848 1639 Qua
866 1592 925 1627 cau·
967 1575 1060 1643 χρυοᾶ,
1080 1574 1140 1643 lmp
1157 1574 1279 1645 νούμμους
1292 1574 1360 1643 pasl.
1379 1600 1390 1621 ι
1401 1574 1478 1627 Mille

412 1656 487 1709 tione
497 1655 625 1726 principis
636 1654 725 1723 imago
741 1664 799 1705 tutu
812 1666 926 1707 tractan·
967 1652 1080 1706 sestertii
1095 1653 1215 1705 efficiunt
1229 1672 1278 1706 our.
1294 1652 1417 1707 denarios
1433 1672 1479 1706 ar-

414 1734 449 1789 du
463 1737 547 1800 foret,
561 1732 623 1787 vide
634 1732 706 1805 apud
718 1731 828 1785 Sueton.
840 1733 867 1784 in
882 1732 926 1784 Ti·
967 1743 1090 1802 genteos,
1111 1732 1167 1784 sive
1182 1730 1275 1785 decem
1292 1730 1416 1786 denarios
1427 1750 1479 1785 au·

414 1815 505 1872 herio,
526 1832 584 1883 cap.
605 1810 763 1865 praevide
782 1825 808 1864 et
820 1811 924 1864 Gotho·
967 1828 1039 1876 reos,
1059 1808 1132 1882 quod
1150 1822 1178 1864 et
1197 1812 1269 1863 mille
1287 1830 1410 1863 nummos
1427 1830 1478 1864 ro·

413 1892 483 1949 fred.
495 1892 523 1945 in
538 1890 605 1945 Cod.
618 1889 779 1944 Theodlib.
795 1890 844 1956 IX,
857 1902 921 1944 tar
968 1901 1060 1943 cant.»
1087 1889 1188 1942 Plinius
1211 1890 1270 1961 ipre
1288 1889 1403 1962 denique
1425 1891 1477 1943 lib.

415 1973 450 2026 de
464 1973 527 2025 falsa
545 1970 667 2028 Moneta,
681 1971 728 2022 lib.
746 1971 840 2039 1X,p.
861 1987 924 2040 ¹79·
967 1969 1099 2033 XXXIV,
1122 1986 1178 2041 cup.
1206 1988 1251 2039 17,
1269 1969 1417 2041 Lysippum
1438 1970 1479 2023 eit

414 2054 507 2107 Ilsnu.
525 2078 564 2091 —
585 2050 681 2120 Magna
709 2052 834 2101 criminum
857 2070 925 2101 oeca-
968 2046 1074 2101 solitum
1098 2066 1149 2118 pro
1170 2048 1327 2118 manipretio
1347 2050 1479 2121 cujusque

413 2136 488 2185 aione.
499 2132 570 2183 Tum
584 2128 707 2182 adversus
720 2148 765 2181 eus
785 2128 831 2199 qui
849 2130 925 2199 prin·
968 2126 1056 2197 signi,
1070 2125 1144 2198 quod
1164 2128 1220 2199 ipse
1234 2127 1382 2194 conflabat,
1399 2146 1478 2198 sepo·

415 2211 482 2283 cipis
494 2210 634 2281 imaginem
642 2226 713 2273 ,non
728 2207 791 2261 dato
801 2209 860 2279 jure
872 2208 925 2261 ler-
967 2226 1031 2259 nere
1052 2206 1169 2275 singulos
1185 2206 1307 2260 denarius
1326 2225 1429 2261 aureus.
1441 2207 1479 2260 Et

414 2303 493 2353 rent,
523 2300 596 2353 turn,
621 2287 663 2340 vel
688 2286 752 2340 dato
777 2290 852 2359 jure,
878 2287 925 2358 qui
958 2285 1016 2361 lib.
1030 2286 1180 2351 XXXVII,
1195 2305 1255 2358 cap.
1271 2286 1386 2353 ὅμοιοι
1397 2284 1479 2340 dena·

414 2370 515 2423 ferrent
535 2369 591 2421 sine
606 2365 694 2419 debita
712 2365 831 2437 principi
852 2385 926 2420 reve·
967 2366 1015 2418 riis
1022 2365 1118 2419 aureis.
1129 2392 1140 2413 ι
1153 2367 1244 2419 Hsnn.

414 2448 508 2501 sentis.
521 2449 553 2499 In
566 2444 733 2498 recensendis
749 2446 795 2504 his,
806 2446 925 2499 crimini·
1009 2444 1036 2496 3.
1053 2446 1128 2514 Quod
1139 2458 1163 2497 et
1173 2449 1219 2517 ips.
1230 2446 1298 2499 latet.
1311 2444 1417 2499 Primus
1431 2464 1479 2499 cu·

415 2529 465 2582 bns
480 2528 605 2597 frequens
618 2536 658 2578 est
669 2525 784 2578 Tacitus.
800 2526 883 2580 Bnor.
905 2593 909 2598 .
970 2523 1064 2579 dende
1075 2544 1106 2579 ex
1116 2544 1180 2578 auro
1194 2538 1306 2579 monetae
1316 2526 1375 2597 quis
1384 2538 1480 2579 auctor

458 2606 660 2678 21.AEquuls'ter
676 2605 822 2674 publicando
836 2610 926 2675 prinei·
968 2607 1111 2670 exstiterit,
1126 2606 1204 2658 etium
1219 2604 1289 2676 apud
1304 2618 1425 2668 exterus,
1436 2607 1478 2660 lta·

413 2705 476 2758 pem.
487 2683 925 2754 Datuexaequoomnibuspublice
969 2696 1014 2737 tet.
1032 2689 1148 2738 Aureum
1167 2698 1374 2756 argenteumque
1397 2704 1480 2738 num-

416 2765 493 2820 venis
507 2761 615 2834 gerendi
626 2761 756 2832 principis
766 2761 925 2833 imaginem,
968 2781 1041 2815 mum
1063 2763 1156 2836 Lydos
1172 2764 1289 2836 primum
1306 2764 1476 2831 conflavisse,

417 2855 444 2898 et
454 2845 540 2914 ipsum
555 2840 681 2895 adeundi.
695 2841 785 2894 Hans).
968 2854 1059 2896 auctor
1079 2857 1118 2896 est
1134 2843 1260 2897 Herodot.
1283 2843 1357 2910 Clio,
1373 2845 1423 2897 lib.
1446 2847 1478 2910 1,

456 2923 533 2976 XIII.
554 2941 579 2974 1.
595 2919 743 2973 Proximum.
758 2920 924 2974 -Pessimum
967 2941 1042 2974 num.
1057 2929 1102 2990 94.
1118 2923 1208 2976 Hsuu.

417 3003 477 3056 vitre
490 3001 575 3054 scelus
586 2999 662 3067 lecit,
673 3013 704 3052 ut
717 3001 773 3070 ipse
784 2999 927 3054 admonuit
1009 3008 1035 3064 4.
1053 3003 1119 3054 Ante
1128 3003 1278 3074 Pyrrhum...
1289 3003 1413 3056 ᾰιιίοοιιιιι.
1429 3005 1480 3056 Est

417 3099 475 3152 cap.
491 3087 525 3144 A,
542 3080 589 3150 qui
606 3079 710 3150 primus
727 3097 821 3131 surum
836 3079 925 3150 digitis
967 3093 1055 3134 autern
1074 3080 1195 3136 devictus
1213 3102 1284 3136 auno
1303 3082 1386 3139 Urbis
1405 3090 1480 3153 479,

416 3159 522 3212 induitr
538 3185 549 3207 ι
563 3177 635 3228 nunc
644 3162 779 3229 proximum
789 3159 822 3211 ab
836 3178 868 3212 eo
878 3180 927 3211 see·
968 3173 998 3212 nt
1014 3159 1130 3214 diximus
1142 3163 1189 3216 lib.
1199 3162 1282 3228 vm,
1295 3181 1354 3234 cup.
1364 3161 1433 3217 6.Η,

418 3241 455 3292 lus
472 3241 561 3308 secisse
584 3239 714 3309 arguitur,
736 3237 802 3310 uqui
823 3241 926 3310 primus
1010 3239 1036 3293 5.
1051 3241 1170 3293 Librales.
1187 3243 1279 3315 Usque
1292 3242 1327 3296 ad
1341 3243 1481 3314 Pyrrhum

417 3319 557 3373 &narium
567 3338 600 3372 ex
615 3336 679 3371 suro
693 3319 815 3388 signavit.
826 3343 839 3372 ι
850 3320 885 3372 Η.
968 3317 1112 3386 devictum,
1123 3321 1227 3392 inquit,
1239 3322 1321 3376 immo
1331 3334 1358 3375 et
1368 3337 1429 3394 post
1442 3323 1481 3376 il·

458 3419 483 3458 a.
497 3399 541 3450 Ea
553 3417 614 3450 auro
625 3398 756 3450 denarium.
769 3399 879 3450 Nummi
892 3417 925 3452 ex
968 3398 1016 3451 lud
1036 3411 1141 3471 tempus
1154 3401 1308 3473 eliquanto,
1326 3420 1354 3455 as
1372 3403 1424 3455 fuir
1443 3403 1481 3456 li-

416 3495 482 3530 auro
497 3476 599 3531 denarii
613 3497 719 3549 quoque
729 3477 864 3548 appellati.
876 3479 926 3530 Pe·
968 3479 1036 3532 brali
1049 3479 1183 3550 pondere,
1202 3499 1233 3533 ex
1253 3499 1318 3545 ere,
1336 3481 1391 3534 sive
1406 3480 1482 3536 duo·

416 3567 487 3610 tron.
501 3557 587 3627 Satyr.
598 3576 626 3628 p.
641 3561 692 3610 106
707 3575 714 3610 :
733 3557 810 3614 uPsu
819 3557 926 3610 calculis
968 3557 1054 3611 decim
1063 3561 1198 3613 unciarum
1208 3579 1216 3612 a
1226 3557 1481 3632 atqueadeosemis·

416 3635 523 3690 albino
535 3637 618 3707 nigris
628 3655 720 3689 aureos
737 3648 925 3708 argenteosque
968 3640 1013 3702 sis,
1020 3657 1065 3691 sex
1075 3639 1233 3693 unciarum:
1244 3640 1334 3703 triens,
1341 3653 1456 3711 quatuor
1468 3659 1478 3693 :

393 3743 395 3748 v
416 3713 530 3769 habebat
546 3714 676 3768 denarios.
690 3741 701 3762 ι
716 3715 751 3769 Et
770 3734 831 3786 pag.
850 3719 922 3769 1602
969 3716 1102 3789 quadrans
1128 3718 1232 3771 trium:
1260 3732 1379 3784 sextam,
1402 3721 1482 3791 cujus

419 3821 431 3844 ι
442 3795 504 3848 Non
516 3795 644 3847 habemus
657 3793 760 3848 aedilem
775 3795 857 3847 trium
865 3815 926 3849 cau·
967 3797 1070 3850 mentio
1081 3798 1191 3851 inferius
1204 3817 1263 3871 cup.
1283 3802 1337 3863 48,
1350 3797 1481 3855 duarum.

414 3893 555 3928 nestrum...
569 3874 632 3945 plus
649 3874 677 3926 in
691 3873 734 3927 die
749 3893 923 3928 nummorum
967 3878 1045 3930 Arses
1074 3876 1176 3930 libriles
1211 3878 1328 3949 appellnt
1350 3879 1483 3934 Volusius

413 3954 526 4026 accipit,
546 3972 627 4026 quum
646 3954 712 4006 alter
732 3954 922 4024 patrimonium
966 3954 1127 4019 Mucianus,
1137 3974 1198 4027 pag.
1210 3959 1278 4013 aar.
1291 3956 1381 4011 schot.
1393 3959 1483 4014 Persii

413 4031 500 4087 habet.
514 4035 574 4087 Jurn
588 4033 643 4086 scio
653 4034 786 4104 acceperit
800 4032 923 4088 denarios
965 4033 1000 4087 sd
1015 4033 1102 4109 Satyr.
1116 4037 1160 4088 112
1178 4036 1356 4091 uFuitantem
1368 4037 1433 4090 assis
1446 4038 1483 4090 li·

413 4111 487 4166 mille
501 4131 640 4166 aureos.»
666 4111 816 4184 Didymus:
837 4113 876 4179 Τὰ
891 4109 921 4166 rt
965 4114 1062 4185 brulis,
1080 4129 1107 4169 et
1121 4113 1296 4188 dupondius:
1312 4120 1384 4187 quud
1394 4114 1481 4170 hodie
