3100 5125
495 511 649 580 nmnn
674 509 883 582 xxxvu
1153 510 1223 610 ss,
1290 571 1294 582 ,
1333 571 1335 574 .

157 659 315 741 preterea
339 644 417 714 vitae
435 642 539 730 fama,
560 644 640 716 alias
659 645 809 739 principe
827 644 902 714 loco
919 645 1049 742 genitus
1069 645 1222 735 Athenis,

158 751 258 820 rebus
274 736 416 845 gestis⁴³,
430 753 573 820 exercitu
593 751 704 820 ducto.
720 753 784 820 Hic
802 750 888 820 ultra
907 751 1035 820 Indiam
1052 750 1124 821 fieri
1142 751 1223 824 dixit

156 882 177 926 e
197 853 349 950 lacrymis
369 855 604 952 meleagridum
627 858 736 925 avium
754 855 961 952 Meleagrum
969 844 994 888 ⁴⁴
1020 857 1221 928 deflentium
1299 854 1302 860 ’

157 962 260 1052 Quod
273 976 307 1030 et
316 962 490 1032 credidisse
504 988 596 1049 eum,
606 961 659 1031 vel
671 987 820 1057 sperasse
833 961 902 1032 aliis
914 963 1103 1059 persuaderi
1114 989 1222 1060 posse,
1244 1008 1276 1042 10

155 1070 231 1162 quis
246 1093 313 1136 non
326 1066 485 1137 miretur?
497 1093 641 1162 quamve
652 1071 824 1163 pueritiam
841 1083 907 1138 tam
924 1071 1110 1164 imperitam
1126 1097 1221 1167 posse

156 1175 314 1270 reperiri,
334 1199 408 1267 quae
427 1176 537 1242 avium
558 1173 705 1269 ploratus
726 1199 854 1244 annuos
868 1175 1000 1261 credat,
1020 1175 1222 1271 lacrymasve
1261 1212 1267 1223 ·

156 1294 224 1350 tam
241 1279 399 1398 grandes,
417 1304 591 1372 avesquee
606 1282 752 1364 Graecia,
765 1282 822 1348 ubi
836 1281 1005 1375 Meleager
1020 1285 1134 1377 periit,
1146 1283 1221 1378 plo·

155 1401 266 1454 ratum
280 1387 342 1454 isse
358 1387 391 1453 in
403 1384 527 1467 Indos?
538 1386 628 1474 Quid
643 1385 750 1480 ergo?
768 1411 836 1455 non
851 1386 956 1456 multa
968 1412 1059 1481 enque
1074 1387 1222 1459 fabulosa

154 1491 302 1628 produnt
324 1490 451 1586 poetae?
466 1491 530 1560 Sed
549 1491 614 1560 hoc
628 1517 666 1561 ea
687 1493 721 1560 in
741 1517 795 1579 rc,
815 1518 887 1586 quae
905 1493 1079 1588 quotidie'
1072 1497 1222 1564 invenia-

154 1583 240 1666 tur⁴⁵
258 1612 357 1690 atque
375 1597 542 1684 abundet,
564 1612 598 1665 et
614 1598 679 1666 hoc
702 1598 913 1667 mendacium
937 1613 1113 1694 coarguat,
1138 1601 1223 1670 serio

153 1727 354 1797 quemquam
370 1702 511 1787 dixisse,
530 1727 659 1772 summa
679 1704 852 1773 hominum
871 1707 1075 1800 contemptio
1099 1721 1166 1794 est,
1189 1722 1223 1776 et

153 1808 361 1878 intoleranda
379 1807 658 1878 mendaciorum
649 1811 837 1903 impunitas.

209 1899 1271 2053 (111)Certumestgsgn1ininsuhsseptemtrionalisOceani·11

153 2035 225 2090 eta
243 2022 419 2091 Germanis
439 2019 597 2115 appellari
623 2009 803 2114 glessum⁴⁷
820 2009 971 2114 :itaque⁴
974 2007 1037 2091 et
1054 2047 1074 2090 a
1097 2025 1220 2092 ndstris

153 2151 257 2197 unam
271 2126 451 2196 insularum
467 2127 512 2196 ob
527 2125 559 2194 id
574 2125 774 2202 Glossarium
789 2126 1007 2221 appellatam,
1021 2130 1221 2200 Germanico

153 2235 285 2303 Caesare
302 2233 346 2300 ibi
366 2231 524 2303 classibus
542 2257 613 2301 rem
630 2247 798 2370 gerente,
805 2235 1010 2302 dustraiiam
1031 2258 1050 2302 a
1071 2234 1244 2304 barbaris

153 2338 287 2408 dictam.
311 2340 468 2410 Nascitur
488 2353 598 2407 autem
613 2325 812 2408 defluente⁴⁹
829 2337 1018 2408 medulla
988 2342 1074 2433 pinei
1094 2344 1221 2436 generis

195 2564 244 2629 43.
257 2565 337 2617 Rebus
347 2567 430 2633 gestis.
449 2561 523 2627 Qual
545 2581 561 2616 a
584 2558 665 2617 Suida
709 2561 779 2615 intes·
791 2558 870 2623 vada,
881 2574 959 2632 atque
970 2558 997 2613 in
1012 2560 1070 2632 ipso
1082 2561 1170 2620 littore
1183 2566 1221 2619 le·

154 2655 277 2698 accurate
286 2643 425 2697 utendus
439 2641 508 2695 vide.
522 2642 613 2696 Haan.
709 2654 793 2712 gunt,
808 2653 858 2694 etc.
873 2668 884 2689 ι
900 2640 991 2694 Hanc.

197 2729 244 2787 44.
259 2723 409 2792 Meleagrum
418 2722 596 2793 deflentium
609 2739 665 2774 ma·
751 2723 798 2782 ts.
809 2721 894 2793 Itaque
904 2732 927 2771 es
938 2739 954 2771 a
964 2724 1059 2775 nostris.
1073 2723 1222 2779 Aromnnis

154 2803 465 2873 treinterlectnmzqnem
471 2820 555 2872 quum
562 2817 665 2854 sorores
708 2799 845 2852 militibus.
859 2801 899 2853 De
913 2799 1050 2853 Glessariis
1062 2801 1154 2857 insulis
1165 2804 1221 2877 egi·

153 2885 212 2954 ejus
229 2880 373 2945 deflerent,
396 2880 508 2934 deorum
529 2881 666 2933 voluntate
709 2897 769 2931 mus
784 2879 832 2931 lib.
846 2879 896 2943 IV,
910 2898 967 2951 cap.
987 2880 1029 2933 30.
1041 2880 1149 2936 Hanc.⁴

154 2963 183 3015 in
191 2974 318 3015 suessent
329 2960 532 3031 transfiguratis,
541 2977 601 3031 quo
609 2978 665 3011 me
751 2964 797 3029 ⁴9·
812 2959 930 3011 Nascitur
940 2971 1018 3011 sutem
1030 2959 1154 3031 defluente,
1169 2976 1220 3017 etc.
1233 2978 1236 2985 '

153 3040 428 3111 lsagrldesrocanins.
436 3039 666 3111 Hyginus,labula
709 3036 824 3109 Legend-
844 3064 855 3085 ·
870 3039 992 3091 Nascitur
1003 3052 1089 3092 nutem
1102 3038 1222 3097 defluens

153 3138 261 3175 cmlv.
275 3121 367 3173 lino.
709 3135 724 3169 s
737 3116 852 3171 medulla
865 3117 892 3169 in
908 3117 979 3189 pinei
999 3119 1100 3189 generis
1115 3124 1221 3175 arbori·

199 3200 245 3261 45.
263 3200 327 3270 Quoe
341 3198 446 3270 quotidie
465 3201 604 3250 inveniatur.
622 3196 666 3250 Sic
708 3197 772 3262 bus,
792 3209 822 3249 ut
837 3197 940 3267 gummi
954 3197 982 3249 in
997 3198 1091 3251 cerasis
1110 3218 1140 3254 ac
1156 3220 1221 3272 pru·

155 3277 260 3332 codices
277 3298 358 3332 mann
375 3274 666 3340 sustentamentis,
708 3276 763 3342 nis,
784 3288 834 3329 etc.
853 3300 864 3323 ι
882 3277 968 3330 Sinas.
986 3307 1027 3318 -
1047 3277 1163 3332 Nascitur
1176 3301 1221 3333 aas·

156 3359 289 3413 tantane
303 3357 393 3411 Hsnn.
710 3366 769 3421 tem,
781 3369 831 3409 etc.
840 3357 872 3407 ln
883 3357 1005 3425 regione,
1014 3374 1074 3427 quse
1085 3360 1220 3413 succinum

195 3441 242 3502 46.
253 3432 666 3506 Certamengiffns'dinctotidem
709 3436 808 3499 mittit,
822 3434 967 3488 resinilerss
981 3436 1062 3488 nulle
1074 3452 1133 3491 sunt
1147 3441 1222 3493 arbo·

154 3518 243 3570 verbis
256 3517 393 3588 exscripsit
411 3517 532 3574 Solinus,
548 3533 607 3586 cap.
619 3533 666 3581 xx,
709 3532 759 3567 res.
768 3516 803 3567 At
810 3515 836 3567 iu
845 3514 1094 3585 septentrionalium
1102 3516 1221 3572 littorum

154 3615 182 3665 p.
196 3606 240 3661 4⁰·
257 3596 350 3649 Hsnn.
710 3606 797 3648 tractu
807 3592 945 3647 bituminis
954 3606 1025 3647 certe
1034 3597 1221 3667 geuusllsvum

196 3670 667 3746 47.Apptlluriglessum.l*'orte,quod
710 3686 763 3736 est,
779 3685 810 3725 ut
821 3674 926 3745 nigrum
940 3673 1012 3744 apud
1026 3694 1075 3728 nos
1086 3676 1113 3727 in
1127 3680 1223 3730 Arser-

153 3755 321 3820 translncear,
332 3768 358 3808 et
366 3755 450 3808 niteat
459 3754 667 3822 utvitrum,glas
711 3754 768 3818 nis,
779 3756 887 3826 ejusque
897 3754 1014 3824 naphtha
1030 3752 1107 3818 flava,
1118 3756 1223 3827 qualem

152 3852 169 3886 a
189 3834 330 3887 Germanis
345 3834 519 3905 appellatum,
538 3835 606 3885 Dar„
627 3861 668 3874 -
711 3832 1223 3904 eSenonibusalierunt,etpesroleum

154 3913 277 3968 Gtmm
294 3914 420 3978 Tacitus,
433 3914 481 3966 lib.
502 3912 536 3966 de
549 3913 669 3966 moribus
712 3926 817 3979 vocant,
828 3925 856 3965 ut
867 3910 938 3984 apud
949 3926 1070 3965 nosatra.
1083 3912 1172 3978 Quum
1184 3934 1225 3967 ers

153 3993 248 4047 Germ.
270 4012 328 4063 pag.
350 3994 404 4047 138
421 4014 428 4044 r
444 4015 455 4038 ι
469 3992 521 4046 sed
544 4006 570 4046 et
595 4008 668 4044 mm
713 4009 748 4062 go
761 3992 834 4046 fonte
849 4010 898 4044 sno
914 3992 1024 4051 scaturit
1045 3991 1164 4047 bitumen
1178 3994 1225 4060 id,

152 4084 315 4133 emuntur,
335 4090 365 4126 ac
380 4072 563 4125 soliomnium
584 4071 670 4124 succi·
714 4072 795 4123 molle
820 4070 907 4125 adhuc
934 4084 960 4124 et
988 4070 1121 4143 liquidum
1147 4075 1224 4128 obvia

85 4154 90 4163 ’
152 4170 237 4215 num,
257 4151 332 4222 qnod
351 4152 401 4223 ipsi
423 4153 535 4223 glessum
555 4162 670 4215 vocant,
716 4168 829 4221 queque
840 4151 1017 4221 amplectitur,
1025 4151 1228 4219 retinet,inclu-
