3100 5125
366 524 434 596 alia
722 527 994 596 EXCURSUS
1020 530 1070 596 ll.

399 647 546 717 Metallnrgi
560 646 689 700 cadmiam
697 645 788 700 dixere
799 646 911 719 lapidem
919 646 1105 699 calamiuarem
1116 683 1123 710 ,
1136 646 1233 718 quoad
1245 648 1430 701 aurichalcum

361 750 393 784 ex
407 750 458 785 ere
472 729 669 786 conficiendum
681 742 803 784 utuutur.
820 731 939 784 Tandem
954 731 1080 784 Germani
1097 731 1205 784 cadmie
1222 748 1318 785 nomeu
1333 737 1431 790 soboles

361 819 484 872 tribuere.
500 820 567 872 Eam
580 820 616 871 ob
628 838 685 872 reua
700 821 823 891 Agricola
833 838 894 872 cum
906 819 1095 873 recentioribus
1109 820 1240 891 triplicem
1251 820 1362 874 cadmiae
1372 839 1431 893 spe·

360 908 428 962 ciem
436 910 586 972 coustituit;
598 909 759 963 metallicam
769 929 850 962 unam
859 911 928 980 (quse
940 909 1073 962 cubaltum
1084 909 1181 980 ipsum,
1191 913 1214 960 Is
1223 914 1321 973 rodult,
1331 909 1366 962 de
1375 927 1431 980 quo

360 995 404 1048 laic
423 1015 500 1067 agere
519 1000 738 1068 supervacuum),
751 997 867 1050 fossilem
885 996 1008 1057 alteram,
1029 997 1137 1049 tertiam
1156 997 1326 1050 lornaccam:
1346 1015 1428 1068 quam

360 1082 520 1135 divisionem
533 1083 717 1137 retinebimus.

396 1169 505 1223 Cadmia
517 1171 617 1235 osdra,
630 1169 741 1243 Cypria,
756 1168 854 1239 tulpia
866 1167 981 1232 tauma,
998 1168 1093 1222 Galeni
1105 1187 1114 1223 z
1127 1171 1196 1242 lapis
1212 1189 1322 1233 erosas,
1339 1171 1430 1224 Plinii.

358 1257 507 1311 Substantia
519 1257 612 1309 fossilis
624 1269 678 1321 est,
696 1275 742 1309 seu
757 1257 847 1328 potius
862 1255 982 1328 quaedam
997 1257 1073 1328 cupri
1088 1257 1205 1322 minere,
1221 1275 1316 1330 exque
1331 1258 1430 1312 Plinius

358 1355 446 1397 narrat
456 1362 570 1416 cuprum
580 1344 683 1397 lusione
691 1343 792 1398 eataabi
801 1344 881 1396 variis
892 1343 919 1394 iu
929 1343 996 1396 asie
1005 1357 1032 1396 et
1042 1343 1125 1398 ltaliae
1134 1344 1207 1398 locis.
1216 1340 1316 1398 Eadem
1326 1357 1365 1399 est
1375 1346 1428 1398 lor·

359 1443 427 1486 tasse
438 1450 520 1503 quam
534 1431 650 1485 Galenus
666 1432 695 1484 in
713 1431 804 1503 Cypro
821 1432 952 1502 reperisse
970 1445 1073 1497 narrat,
1088 1433 1150 1486 licet
1166 1445 1252 1486 tamen
1269 1451 1324 1486 non
1336 1432 1431 1486 dixerit

359 1538 472 1590 cuprum
484 1538 515 1572 ex
524 1537 553 1571 es
561 1518 658 1572 confici
668 1537 754 1590 posse.
765 1517 852 1570 Hodie
861 1518 937 1571 nobis
945 1518 1032 1590 ignota
1042 1531 1097 1584 est,
1105 1531 1150 1572 aut
1160 1521 1250 1573 saltem
1258 1538 1320 1574 cum
1329 1520 1430 1574 ceteris

358 1608 437 1679 cupri
449 1607 559 1661 mineris
574 1606 755 1660 confunditur.
766 1608 857 1675 (Conl.
868 1625 948 1678 supra
959 1647 968 1673 ,
979 1625 1039 1678 pag.
1051 1611 1118 1671 ado,
1131 1611 1256 1678 chelcias.)

393 1697 474 1767 Lapis
483 1697 656 1757 calaminsris,
665 1695 744 1749 Ollic.
753 1695 903 1749 Substantia
912 1707 950 1748 est
959 1695 1065 1760 fossilis,
1074 1696 1169 1750 medie
1179 1696 1353 1750 consistentia»
1362 1697 1431 1750 iuter

360 1782 478 1854 lapidem
490 1795 517 1834 et
530 1793 638 1846 terram,
651 1782 740 1834 colore
753 1781 872 1845 diverso,
886 1781 968 1834 modo
984 1782 1091 1836 cinereo
1108 1801 1154 1836 seu
1167 1802 1200 1837 ex
1214 1783 1277 1838 albo
1293 1784 1430 1856 pallente,

358 1869 441 1924 modo
455 1871 594 1934 subluteo,
605 1868 687 1922 ruodo
699 1887 732 1922 ex
747 1870 825 1940 nigro
840 1870 961 1922 rubente.
972 1869 1033 1922 llaec
1045 1868 1183 1942 sphaerulis
1201 1871 1359 1942 ferrugineis
1373 1889 1430 1943 gra·

360 1977 455 2010 norum
469 1958 569 2030 piperis
581 1959 667 2028 ligura
685 1968 711 2010 et
723 1957 841 2010 crassitie
857 1970 914 2010 tota
929 1975 1070 2029 conspersa
1087 1971 1140 2022 est,
1153 1970 1179 2012 et
1193 1960 1296 2013 venulis
1310 1959 1377 2013 albis
1388 1959 1430 2012 di·

359 2046 461 2099 stincta.
471 2046 614 2098 liberrime
622 2044 723 2098 luditur
731 2044 759 2097 iu
769 2065 834 2118 agro
843 2045 1010 2105 Bituriceusi,
1020 2058 1044 2098 et
1052 2044 1122 2118 apud
1130 2045 1334 2119 dudegsvenses
1342 2066 1429 2120 prope

359 2134 525 2190 Salmurium.
542 2135 591 2188 Illa
608 2153 672 2188 aero
689 2135 717 2186 iu
734 2129 877 2188 Germania
893 2147 919 2187 et
933 2136 1081 2207 presertim
1097 2137 1124 2189 iu
1141 2154 1206 2209 agro
1223 2135 1428 2209 Aquiagrancnsi

360 2223 499 2295 reperitur.

397 2311 459 2365 llaec
473 2311 576 2365 cadmia
591 2313 726 2367 veteribus
742 2313 842 2367 Grecis
859 2314 950 2386 ignota
963 2315 1042 2368 luisse
1055 2314 1179 2382 videtur3
1195 2315 1285 2370 saltem
1299 2313 1334 2369 ad
1351 2331 1429 2368 nsum

360 2399 496 2452 medicum
515 2419 569 2453 nou
587 2400 774 2464 adhibebatur,
801 2421 883 2475 quum
904 2423 918 2455 a
939 2403 1094 2457 Dioscoride
1109 2416 1135 2456 et
1153 2403 1254 2457 Galeno
1276 2402 1350 2456 nulla
1373 2405 1430 2474 ejus

359 2488 427 2541 lacta
438 2488 516 2540 luerit
525 2488 635 2542 mentio.
642 2489 751 2543 Hodiea
760 2490 871 2543 medicis
881 2509 1076 2565 nonuunquam
1083 2490 1310 2564 praescribitur,ad
1318 2491 1430 2544 hulcera

357 2575 468 2629 humida
480 2576 635 2631 exsiccanda
650 2590 674 2630 et
688 2576 802 2631 uuanda
813 2617 821 2643 ,
833 2577 867 2632 ad
879 2580 1019 2632 infantium
1031 2580 1220 2635 excoriatioues
1232 2578 1429 2652 percensendus,

359 2663 400 2716 ael
414 2665 465 2717 sub
475 2665 593 2735 pulveris
604 2666 751 2718 tenuissimi
764 2665 863 2729 forma,
873 2667 915 2719 vel
926 2668 1065 2737 unguentis
1076 2666 1204 2721 admixta.

393 2751 546 2817 (Cadmiam
563 2753 704 2825 Cypriam,
721 2772 767 2806 seu
787 2752 901 2825 lapidem
921 2772 1048 2820 aerosum,
1063 2755 1139 2807 multi
1157 2767 1256 2813 tamen,
1276 2772 1378 2827 neque,
1398 2763 1431 2807 ut

358 2840 472 2904 ridetur,
484 2841 617 2895 immerito
630 2840 666 2894 ad
678 2853 823 2895 nostratem
834 2842 967 2895 cadmiam
982 2842 1096 2895 lossilem
1108 2844 1243 2905 referant,
1257 2861 1317 2914 que
1332 2845 1429 2895 cadmia

351 2930 451 2995 fossile,
459 2932 539 2996 pierre
550 2932 725 2989 calamiaairc,
740 2930 782 2981 rel
796 2928 980 2995 hydro-silicata
991 2934 1023 2982 de
1033 2934 1103 2991 sirac,
1119 2932 1255 2990 calamiae,
1274 2928 1372 2981 nostris
1381 2948 1428 2999 ap·

361 3016 484 3087 pellatur.
506 3018 570 3071 llaac
590 3030 628 3070 est
646 3016 749 3070 cadmia
765 3036 841 3090 quas,
857 3018 902 3071 stri
921 3017 1020 3082 mixta,
1041 3020 1208 3071 araricialcum
1221 3019 1331 3088 (Iaitas,
1349 3021 1428 3067 calere

355 3108 444 3175 jassus)
465 3106 591 3173 oculicit;
609 3124 760 3180 quanquam
772 3108 875 3161 Plinius
886 3125 946 3179 cap.
958 3126 972 3161 a
987 3106 1045 3181 huj.
1058 3107 1102 3159 lib.
1113 3107 1272 3180 peculiarem
1283 3104 1429 3159 aurichalci

360 3194 488 3247 mineram
514 3196 606 3257 allert,
631 3214 689 3267 quse
709 3197 763 3267 jam
791 3214 866 3258 nou,
893 3195 959 3248 dum
978 3214 1009 3248 ea
1027 3195 1173 3259 scriberet,
1194 3192 1388 3259 effodiebam,
1407 3194 1429 3246 si

361 3300 477 3353 uuquam
496 3283 593 3335 cllossa
614 3282 688 3351 luit.)

394 3368 504 3421 Cadmia
518 3368 671 3434 fornacum,
688 3388 734 3423 aeta
750 3370 860 3437 factitia,
873 3370 972 3442 duplex
985 3382 1038 3435 est;
1052 3370 1155 3424 cadmia
1172 3370 1268 3425 laetitia
1283 3369 1428 3432 Veterum,

357 3468 384 3508 et
397 3454 501 3507 cadmia
513 3456 611 3508 laetitia
624 3456 827 3525 lleceutiorum,
841 3475 887 3511 seu
898 3458 995 3511 Tutbia
1005 3457 1189 3511 Ollicinaruau.

392 3544 577 3607 Dioscorides,
597 3544 717 3598 Galenus
736 3560 764 3599 et
785 3548 887 3600 Plinius
907 3565 954 3617 per
975 3546 1102 3600 cadmiam
1121 3547 1248 3601 laetitiam
1266 3548 1335 3600 nilsil
1354 3546 1426 3599 aliud

357 3613 542 3686 intellexerunt
557 3645 650 3704 preter
661 3647 855 3687 recrementum
864 3676 872 3700 ,
882 3634 953 3707 quod
966 3654 998 3687 ex
1008 3636 1066 3687 reris
1078 3635 1194 3698 minera,
1205 3634 1268 3689 dum
1279 3636 1305 3687 ln
1313 3652 1427 3706 cuprum

359 3719 492 3782 funditur,
505 3719 610 3773 lollium
622 3721 685 3775 llstu
698 3724 802 3789 avolat,
812 3736 838 3776 et
850 3723 961 3776 lornacls
971 3722 1115 3794 parietibus
1127 3723 1290 3795 numerisque
1300 3722 1428 3783 adbaeret3

358 3811 434 3880 cujus
452 3808 532 3862 variae
544 3822 607 3862 aunt
621 3811 722 3881 species
739 3829 790 3882 pru
804 3808 914 3864 dirersis
930 3812 985 3882 ejus
999 3810 1174 3865 concretionis
1188 3810 1294 3882 liguris,
1310 3830 1360 3882 pro
1373 3813 1428 3883 ejus

357 3896 486 3948 tenuitate
500 3896 541 3947 vel
554 3896 686 3962 crassitie,
705 3908 731 3949 et
744 3899 863 3951 colorum
882 3898 1008 3951 varietate
1026 3902 1142 3966 (capnitis
1151 3898 1289 3965 videlicet,
1301 3893 1425 3965 botryitis,

353 3985 464 4048 placitis,
476 3984 607 4049 oaycdits's,
619 3987 760 4051 ostracitis).

390 4068 494 4123 Verum
509 4068 551 4121 be
563 4088 655 4125 omncs
669 4070 779 4125 cadmiae
792 4073 893 4145 species
906 4092 977 4127 nuuc
993 4074 1019 4127 in
1033 4073 1150 4127 cilicinis
1167 4074 1263 4145 ignote
1282 4086 1353 4127 samt.
1371 4076 1426 4127 Nec

355 4155 454 4210 Arabes
464 4173 508 4209 eas
519 4158 728 4221 ucruutaimmo
743 4178 840 4232 parum
854 4160 960 4215 solliciti
974 4160 1008 4216 de
1022 4162 1174 4217 substantiis
1186 4181 1245 4235 que
1256 4164 1308 4217 snb
1318 4162 1428 4217 cadmia
