3100 5125
500 517 655 585 meua
680 518 867 586 xxxvl.
1141 501 1218 616 '495

148 653 258 724 omnia
276 650 484 737 fabulositas,
506 665 639 720 utemur
659 652 761 746 ipsius
776 653 825 718 M.
843 652 1039 720 Varronis
1030 675 1064 720 ιιι
1085 657 1216 748 exposi-

148 777 239 828 tione
251 758 459 852 ejusverbrs
474 756 629 852 Sepultus
638 772 689 826 est
691 758 832 851 ,inquit,
847 758 910 826 sub
930 759 1012 826 urbe
1025 757 1218 830 Clus10·1n

145 891 215 960 quo
235 865 310 934 loco
334 878 584 933 monumentum
607 863 739 957 reliquit
764 863 793 932 la
819 863 872 932 ide
894 851 1119 984 quadrato³⁵:
1149 869 1218 936 sin·

147 971 225 1066 gula
243 971 347 1040 latera
371 970 492 1065 pedum
514 969 578 1039 lata
600 957 811 1056 tricenum³,
838 969 902 1040 alta
923 974 1216 1069 quinquagenum:

145 1081 252 1198 inque
264 1078 333 1147 basi
346 1076 528 1208 quadrata
518 1091 606 1146 nitus
618 1021 843 1171 labyrinthum
855 1079 1134 1148 inextricabilem:
1126 1107 1213 1176 :qno

146 1187 172 1254 si
194 1187 270 1278 quis
295 1170 531 1279 improperet³⁷
552 1186 625 1252 sine
647 1183 794 1278 glomere
821 1182 900 1271 lini,
922 1187 1045 1256 exitum
1070 1188 1218 1257 invenire
1313 1223 1315 1228 ·

145 1304 299 1385 nequeat.
322 1293 428 1385 Supra
451 1290 485 1359 id
507 1290 704 1384 quadratum
732 1291 919 1412 pyramides
942 1305 1030 1361 stant
1054 1294 1217 1388 quinque,
1237 1315 1253 1366 a

144 1412 293 1492 quatuor
316 1398 351 1464 in
376 1394 557 1491 angulis,
548 1423 582 1465 ιιι
603 1396 714 1466 medio
739 1421 825 1482 una,
847 1399 880 1464 in
908 1400 975 1466 imo
1001 1397 1073 1468 latae
1096 1401 1216 1493 pedum

144 1505 287 1597 quinum
315 1519 573 1599 septuagenum,
599 1501 673 1571 altae
700 1517 835 1572 centum
863 1506 1155 1636 quinquagenum:
1174 1509 1219 1575 ita

145 1610 341 1704 fastigiare,
366 1623 402 1677 ut
430 1611 465 1677 in
490 1633 621 1677 summo
647 1609 738 1678 orbis
759 1633 870 1678 aeneus
893 1624 924 1678 et
948 1597 1112 1742 petasus³'
1132 1637 1218 1682 unus

145 1717 304 1786 omnibus
322 1718 366 1784 sit
382 1716 570 1809 impositus,
592 1739 632 1784 ex
651 1739 718 1809 quo
734 1716 902 1810 pendeant
926 1703 1076 1812 exapta³⁹
1095 1721 1219 1788 catenis

145 1822 371 1890 tintinnabula
382 1845 475 1915 ,quae
487 1823 739 1915 ventoagitata,
754 1821 853 1917 longe
868 1825 996 1892 sonitus
1011 1824 1171 1909 referant,
1182 1842 1219 1895 ut

145 1928 300 1998 Dodonoe
316 1927 395 1996 olim
411 1915 574 1998 factum&
592 1930 699 2021 Supra
718 1953 817 2021 quem
836 1930 950 1997 orbern
963 1945 1106 2024 quatuor
1117 1957 1253 2026 pyra-9

144 2035 277 2104 mides
268 2059 404 2129 insuper
419 2033 555 2128 singulas
572 2048 660 2104 stant
672 2033 745 2104 altae
761 2034 884 2129 pedum
900 2049 1090 2106 centenum
1112 2041 1220 2132 Supra

145 2166 229 2236 quas
249 2167 316 2212 uno
339 2129 442 2210 solo⁴¹
464 2143 609 2234 quinque
631 2142 834 2235 pyramides,
857 2167 1021 2237 quarum
1013 2143 1219 2213 altitudinem

145 2251 335 2316 Varronem
348 2246 467 2343 puduit
481 2247 632 2341 adjicere.
652 2247 784 2317 Fabulae
798 2253 970 2319 Hetrusca⁸
986 2250 1121 2319 tradunt
1134 2277 1220 2319 eam-

145 2354 224 2427 dem
244 2354 362 2441 fuisse,
382 2378 483 2449 quam
509 2355 608 2424 totius
638 2356 747 2448 operis
774 2355 888 2424 :adeo
914 2379 1035 2426 vesana
1054 2357 1220 2426 dementia

144 2584 238 2657 vulgg.
253 2595 414 2653 superantur.
432 2582 518 2636 Grou.
534 2583 662 2653 conjicie-
707 2586 865 2655 conjuncta,
879 2586 1040 2656 ausappisa,
1062 2586 1220 2658 linppuspi-

144 2668 208 2725 bat,
226 2665 296 2717 italis
307 2676 461 2733 spectaretur.
478 2664 531 2716 En.
705 2683 747 2716 sa.
766 2663 812 2717 Sic
826 2664 902 2717 MSS.
919 2666 984 2735 lleg.
1002 2684 1016 2717 a
1037 2667 1137 2731 etalii:
1151 2686 1218 2731 nou,

189 2744 236 2798 35.
254 2744 345 2813 lapide
365 2744 492 2814 qrsadrato.
512 2743 614 2795 Broter.
630 2760 661 2794 ex
706 2744 773 2797 utin
783 2742 862 2796 editis
871 2744 977 2815 legitur,
985 2747 1178 2813 excerptu.Urus
1189 2764 1219 2800 sa

144 2826 231 2897 Regg.
253 2823 333 2877 oodd.
352 2842 383 2889 a,
398 2825 431 2886 3,
445 2823 526 2893 lapide
542 2822 662 2894 quadrato
705 2841 770 2876 roes
786 2824 938 2881 Lucretius.
955 2824 1003 2878 lib.
1024 2826 1075 2887 IV,
1090 2845 1127 2879 vs.
1143 2830 1217 2896 8²7:

144 2904 301 2977 quadratum.
316 2905 521 2957 Monumentum
534 2900 601 2954 illud
610 2903 662 2955 tuit
709 2903 836 2957 «Brachia
850 2904 907 2957 ttlm
922 2923 1006 2976 porro
1019 2904 1113 2958 validis
1126 2918 1218 2977 exapta

145 2988 174 3038 in
190 2985 260 3037 urbe
280 2984 391 3046 Clusio,
411 3001 484 3036 unoc
505 2982 596 3035 Chiusi.
620 2981 662 3035 td
705 2983 844 3036 taeertis.·
859 2984 894 3036 Et
908 2984 1039 3051 Lucilius,
1057 2986 1100 3037 X:
1118 2987 1218 3039 «Pelli-

144 3068 204 3137 ejus
215 3064 389 3117 imitationem
402 3063 492 3133 plures
501 3075 589 3133 postea
599 3063 660 3115 facti
706 3064 765 3116 cula
772 3078 888 3117 extrema
896 3078 1017 3135 emptum
1025 3064 1145 3137 pendere
1151 3084 1218 3138 opus

145 3147 223 3200 suere
243 3144 407 3196 subterranei
421 3143 585 3211 labyrinthi,
601 3144 661 3214 qni·
703 3143 805 3215 ingens.
820 3169 831 3189 ι
847 3143 936 3197 lisam

144 3229 197 3279 bus
214 3223 318 3277 Clusini
331 3222 518 3275 defunctorum
534 3220 660 3276 cadavera
748 3231 793 3287 do.
810 3224 844 3276 Ut
859 3224 970 3275 Dodona
980 3226 1036 3276 olim
1043 3226 1148 3292 suetum.
1164 3226 1218 3278 Ubi

146 3304 322 3375 deponerent.
351 3302 392 3355 Ex
424 3303 499 3355 Brot.
528 3314 595 3355 nott.
624 3301 659 3355 ad
705 3304 836 3356 columna
851 3304 924 3356 luere
935 3303 995 3357 duae
1005 3304 1220 3377 sublimes,qua·

145 3386 221 3439 hunc
234 3384 350 3435 tossen.
704 3399 765 3434 rum
776 3384 803 3435 in
818 3384 899 3435 altera
913 3384 996 3455 posita
1007 3383 1093 3455 pelvis
1104 3404 1169 3438 aerea
1183 3404 1219 3438 es-

189 3464 237 3516 36.
248 3463 341 3515 Pedum
352 3462 404 3513 lata
418 3474 543 3515 trecenum.
557 3462 659 3515 Broter.
705 3463 798 3515 settin
812 3463 892 3515 altera
907 3465 1007 3533 pensile
1021 3464 1098 3535 pueri
1112 3466 1219 3517 simuln-

145 3566 179 3598 οι
195 3542 307 3605 iisdem,
317 3543 406 3613 pedum
417 3547 538 3594 tricenum.
556 3542 608 3595 En.
704 3560 795 3607 erum,
809 3541 942 3612 flagellum
958 3560 1054 3597 aereum
1071 3559 1150 3597 manu
1165 3546 1217 3596 tol-

189 3623 238 3693 37.
247 3624 304 3692 Quo
317 3626 339 3673 si
350 3627 403 3694 quis
413 3626 561 3695 improperet.
574 3622 662 3675 Intro·
703 3618 798 3674 lentiss
812 3622 928 3689 Quoties'
949 3642 1011 3676 vero
1034 3624 1218 3676 vehementior

146 3706 188 3759 ire
203 3718 339 3775 properet.
356 3702 446 3756 Ηιιιιι.
561 3706 566 3717 “
703 3702 784 3773 paulu
801 3716 895 3755 ventus
909 3702 1023 3767 afflaret,
1035 3704 1218 3774 impulsaren-

190 3782 236 3837 38.
249 3784 359 3835 Petrsus.
375 3783 464 3836 Galeri
477 3783 572 3834 fornia.
586 3780 662 3833 fll-
705 3784 757 3836 tira
766 3784 867 3852 pelvim
879 3783 969 3836 feriret
980 3783 1144 3854 strpiusoule,
1156 3796 1216 3854 qua

147 3866 260 3917 Petesus.
276 3864 308 3914 ln
323 3874 415 3932 petaso
431 3875 458 3915 et
474 3860 661 3914 tintinnabulis
705 3860 754 3914 diu
773 3876 832 3934 post
852 3862 979 3915 tinnitum
1001 3864 1120 3915 referret.
1135 3860 1218 3915 Unde

147 3944 262 4013 insignia
271 3956 377 3995 manent
386 3942 550 4013 antiquitatis
564 3959 659 3994 monu-
704 3942 849 4012 paroemia:
866 3939 1008 3995 duiosains
1022 3944 1146 4011 χαλκεῖον,
1163 3944 1218 3995 Do-

146 4022 422 4094 manumittendum
439 4021 564 4074 videntur
575 4022 603 4074 in
618 4020 660 4075 Si·
703 4022 814 4074 ὼιιιειιιιι
825 4044 866 4075 ces.
881 4022 971 4075 lisso.

147 4104 275 4159 rensibus
289 4102 478 4156 monumentis.
494 4102 580 4156 Baor.
679 4138 686 4149 .
746 4109 792 4165 ἧι.
813 4103 867 4155 Uno
880 4103 940 4154 solo.
964 4103 1066 4174 Nempe
1080 4104 1108 4155 in
1124 4102 1216 4157 eadem

191 4184 236 4252 39.
258 4184 367 4254 Empta.
389 4181 448 4237 Hoc
469 4194 527 4247 est,
551 4195 660 4253 aptata,
704 4181 825 4251 planitie.
842 4182 933 4235 Hsnu.
