3100 5125
370 500 414 573 50
636 501 674 569 C.
702 498 866 569 PLINII
891 498 1006 567 Nar.
1033 498 1163 566 HIST.

336 662 348 697 ι
421 635 515 704 XIV.
536 632 602 702 Sed
620 658 639 701 n
654 658 793 703 nummo
807 634 914 729 prima
925 634 1020 728 origo
1034 632 1199 715 avaritiae,
1213 630 1328 701 fenore
1340 658 1437 705 exco-

369 744 490 838 gitata,
501 754 753 835 quaestuosaque
766 739 932 835 segnitia.
950 742 1030 811 Haec
1040 738 1198 833 paulatim
1211 741 1333 808 exarsit
1345 741 1439 811 rabie

368 847 530 944 quadam,
551 870 619 914 non
634 846 703 957 jam
722 847 874 932 avaritia,
897 846 954 915 sed
968 845 1071 915 fames
1085 846 1156 913 auri
1176 870 1184 912 ε
1203 859 1319 939 utpote
1332 872 1439 941 quum

368 950 620 1073 Septimuleius²
634 946 713 1021 Caii
731 952 877 1021 Gracchi
892 950 1073 1031 familiaris,
1089 974 1171 1019 auro
1187 951 1438 1045 rependendum

367 1074 469 1156 caput
484 1060 554 1155 ejus
572 1060 716 1127 excisum
732 1057 774 1126 ad
765 1060 963 1188 Opimium
982 1056 1096 1127 tulerit
1102 1056 1354 1151 ,plumboque
1344 1085 1378 1127 sn
1399 1085 1439 1129 os

367 1168 480 1239 addito
499 1164 678 1261 parricidio
697 1190 757 1234 suo
765 1150 1048 1259 ³rempublicam
1057 1164 1154 1233 etiam
1170 1165 1438 1283 circumscripse-

368 1276 438 1343 rit:
459 1298 521 1341 nec
537 1272 606 1364 jam
621 1271 801 1361 Quiritium
820 1271 947 1366 aliquo,
968 1271 1026 1341 scd
1041 1271 1197 1339 universo
1221 1272 1355 1339 nomine
1379 1298 1438 1341 ro·

367 1404 467 1449 mano
488 1378 623 1463 infami,
646 1402 703 1445 rex
719 1377 929 1447 Mithridates
943 1362 1096 1473 Aquilio⁵
1113 1376 1189 1445 duci
1204 1390 1302 1471 capto
1316 1400 1437 1447 aurum

334 1519 348 1553 ι
368 1488 402 1555 in
421 1511 458 1557 os
474 1484 618 1555 infudit:
634 1482 706 1555 haec
718 1486 805 1579 parit
820 1482 964 1553 habendi
975 1482 1109 1579 cupido.
1129 1482 1261 1553 Pudet
1252 1498 1438 1555 intuentem

365 1607 497 1663 tautum
518 1592 654 1661 nomina
672 1591 750 1677 ista,
772 1614 846 1722 quae
870 1590 1010 1661 subinde
1039 1611 1126 1659 nova
1152 1614 1261 1683 graeco
1283 1616 1438 1663 sermone

367 1700 610 1794 excogitantur,
627 1682 804 1791 expresso⁶
817 1696 1002 1792 argenteis⁷
1015 1697 1102 1767 vasis
1117 1720 1199 1766 auro
1216 1709 1274 1765 aut
1292 1696 1437 1769 incluso:

366 1926 467 1993 χρυσοῦν
478 1921 589 1989 νόμισμα
600 1920 634 1971 fs.
646 1916 746 1971 Probat
758 1917 811 1970 hoe
823 1917 882 1989 piu·
925 1934 984 1971 um
1009 1916 1094 1987 ipsam
1119 1914 1267 1973 damnavit.
1291 1918 1362 1973 Usus
1386 1921 1439 1975 bac

366 2001 441 2055 ribus
455 1998 583 2062 Suedius,
602 1998 671 2050 libro
686 1993 721 2049 de
738 1998 776 2049 tte
797 1998 880 2050 Num.
925 2015 991 2050 voce
997 1996 1118 2059 Tullius,
1133 2008 1191 2049 tum
1204 1996 1282 2061 alibi,
1295 2012 1352 2054 tuna
1365 2002 1437 2056 Phit.

367 2100 427 2153 pag.
439 2098 484 2149 a9.
495 2076 572 2131 Adde
583 2076 732 2147 Didymum
745 2074 881 2130 feodatum
925 2095 995 2142 xnr,
1012 2097 1047 2147 9:
1067 2101 1079 2123 ι
1092 2074 1205 2129 Senatus
1218 2076 1246 2129 in
1259 2078 1439 2150 Capitolium

366 2159 473 2215 anobis
485 2158 562 2212 initio
577 2158 657 2227 hujus
668 2174 725 2229 cap.
741 2156 833 2209 Hnu.
924 2170 1014 2228 parata
1041 2153 1076 2209 de
1101 2156 1345 2211 circumscribendo
1372 2160 1440 2215 edo·

310 2266 315 2281 =
408 2240 486 2293 XIV.
508 2256 533 2291 a.
549 2236 600 2289 Sed
613 2258 629 2287 a
643 2254 738 2289 nummo
752 2240 834 2307 prime
846 2246 883 2287 est
925 2237 1039 2289 lescento
1048 2236 1179 2289 sententia
1190 2238 1348 2307 consularis,
1360 2264 1372 2287 ι
1382 2242 1439 2296 hoc

368 2317 882 2391 origoeenritiaeeseogitetmsaenomquoe·
925 2329 978 2379 est,
1000 2329 1030 2369 ut
1050 2314 1164 2368 Budaeus
1180 2315 1235 2379 ait,
1255 2316 1289 2370 de
1305 2318 1439 2389 ejiciendo

368 2414 450 2453 staose
470 2401 583 2467 segnitia.
606 2396 712 2459 Scribe,
740 2420 752 2443 ι
771 2394 820 2447 sed
847 2395 882 2447 ab
925 2395 1108 2466 magistratum
1124 2395 1301 2466 ignominiose
1315 2399 1440 2466 Octavio,

368 2486 480 2534 nummo
493 2476 579 2548 prima
593 2474 668 2545 origo
688 2474 818 2540 avaritias,
836 2474 883 2526 foe·
925 2487 954 2529 et
966 2476 1082 2544 irnperio
1097 2475 1121 2528 ei
1136 2474 1297 2546 abrogando.
1312 2478 1437 2533 Occisum

369 2579 440 2615 nore
456 2558 615 2629 excogitata,
632 2567 831 2626 questuossque
844 2573 883 2608 ec·
926 2569 1141 2628 esse,postquam
1149 2570 1254 2610 senatus
1261 2555 1439 2626 decrevisset,

369 2640 496 2714 guisia„
484 2656 543 2690 »ex
559 2635 671 2706 antiquo
684 2632 788 2689 codiee.
801 2635 882 2688 Paua.
927 2635 1021 2689 consul
1041 2633 1200 2701 arrideret,
1213 2654 1248 2689 ne
1268 2636 1337 2709 quid
1353 2638 1438 2694 detri-

369 2720 468 2771 ..11oe
447 2737 490 2770 aare
504 2717 577 2768 Brot.
592 2733 634 2764 nee
646 2715 775 2783 paulatim.
790 2713 842 2767 En.
925 2717 1011 2769 menti
1031 2715 1181 2783 respublica
1199 2731 1319 2788 caperet,
1340 2719 1438 2774 Cicero

412 2819 437 2850 a.
441 2791 708 2933 QuumSgtimufeias.
701 2792 885 2863 Opimiiami-
926 2794 1020 2858 refert,
1035 2795 1087 2847 loc.
1106 2795 1153 2847 cit.
1169 2814 1230 2850 nam
1251 2799 1278 2850 iu
1299 2798 1437 2859 tribunatu

369 2895 448 2941 eum,
466 2874 530 2944 φίλον
594 2893 630 2942 ομ
632 2891 658 2925 ου
692 2872 882 2942 Σιποιμοολοίῑοο
925 2872 1438 2951 seditiosislegibusrernpubficarnper·

370 2951 604 3010 socatPlutarchss
596 2950 760 3004 rnGraeebis
762 2970 807 3020 ..p
815 2952 882 3014 aas.
925 2951 1053 3007 turba'rat.
1063 2954 1157 3007 Haan.

371 3034 478 3108 Caput
470 3049 557 3104 apuam
565 3031 619 3095 ait
629 3031 739 3084 cerebro
750 3044 883 3102 exempto
966 3033 993 3086 5.
1009 3034 1112 3106 Aquilio
1123 3033 1187 3087 daei.
1201 3035 1245 3088 Sre
1256 3037 1412 3107 Appianas
1404 3059 1435 3092 ιη

371 3116 513 3185 infusoque
527 3111 647 3182 plumbo,
657 3111 807 3163 fuissexvrt
820 3130 884 3182 pon·
925 3110 1049 3168 Mithrid
1069 3131 1128 3185 pag.
1145 3117 1221 3177 ῐ84.
1238 3120 1287 3168 Τοῦ
1308 3120 1436 3190 στόματος

371 3195 407 3252 tio
420 3211 481 3249 eum
500 3192 585 3248 besse.
607 3185 783 3243 tmesettue
797 3191 882 3262 λίτρας
926 3194 1000 3245 αὑτοῦ
1013 3213 1272 3265 sesquivicesimas
1265 3215 1308 3247 ον
1320 3198 1437 3252 Ibienan

371 3271 543 3343 auidissima.
559 3271 590 3322 L
601 3269 742 3323 Vitellium
757 3270 826 3322 maie
837 3290 883 3342 ap·
926 3273 1021 3326 Μάνιον
1034 3264 1134 3326 Ᾰοωλιον
1146 3287 1233 3326 vocat
1246 3273 1356 3330 videet
1370 3279 1437 3331 etu-

371 3354 531 3426 pellat,pro
544 3348 734 3421 Septimuleio,
749 3348 884 3404 Diodorus
926 3352 1079 3408 tarcbum'
1071 3371 1100 3404 ru
1121 3354 1228 3418 Mario;
1248 3355 1337 3409 Vafer.
1360 3357 1434 3411 Max.

372 3435 401 3490 in
412 3429 564 3503 Excerptia,
579 3448 638 3499 pag.
651 3429 715 3500 378.
728 3429 767 3482 De
780 3429 883 3500 Opimii
925 3432 972 3486 lib.
983 3431 1040 3496 IX,
1053 3450 1110 3502 cap.
1127 3431 1171 3495 1³,
1182 3393 1310 3504 alibsque.
1322 3437 1415 3491 Hnn.

372 3512 509 3568 consulatu
533 3506 649 3562 diximus
668 3508 687 3561 l.
707 3509 786 3574 XIV,
796 3529 819 3563 e.
837 3513 883 3565 16.
966 3514 993 3566 ⁶.
1008 3512 1138 3581 Expresso.
1152 3513 1224 3565 Tum
1237 3527 1356 3569 exstante
1371 3519 1437 3570 foris

373 3593 414 3648 De
429 3591 479 3644 bae
489 3607 554 3642 nece
567 3587 681 3642 Gracchi
693 3590 766 3658 jussu
781 3589 883 3658 Opimii
925 3590 954 3644 in
966 3590 1035 3644 vatis
1050 3591 1179 3662 argenteis
1192 3611 1271 3654 auro,
1290 3608 1348 3648 tum
1363 3597 1437 3651 intus

372 3671 457 3737 illata,
472 3669 566 3723 Cicero
582 3667 609 3721 in
625 3667 703 3721 Catil.
720 3667 795 3721 Orat.
809 3669 832 3720 1.
847 3671 882 3724 tt.
925 3670 1036 3724 incluso.
1057 3671 1148 3724 Haeo.

414 3751 441 3805 3.
456 3747 597 3801 Parricidia
604 3767 655 3800 saro.
665 3748 756 3812 Quum
771 3748 884 3802 familia·
966 3769 993 3822 7.
1005 3751 1126 3821 Expresso
1136 3755 1264 3821 argenteis.
1276 3753 1435 3826 Expreesum

371 3849 429 3886 rem
442 3845 521 3884 suum
532 3827 682 3882 Gracchum
694 3827 836 3880 interfecit.
849 3829 883 3881 Η.
926 3831 1029 3883 Tullius
1044 3829 1113 3883 dixit
1122 3849 1172 3901 pro
1182 3832 1326 3899 eminente,
1332 3849 1436 3888 exetan-

414 3917 441 3975 4.
468 3907 655 3980 tempestiuam.
672 3906 804 3961 Universa
824 3919 883 3960 turn
926 3923 965 3973 te,
975 3910 1052 3965 tih.1
1068 3909 1103 3963 de
1117 3911 1179 3968 Nat.
1189 3913 1271 3965 Deor.
1285 3914 1382 3967 sNibif
1392 3936 1435 3969 so·

370 3991 473 4064 populo
489 4005 598 4042 romono
611 3985 738 4040 conflavit
754 3984 883 4040 invidiam
926 3987 987 4047 lidi,
1001 3989 1069 4042 nibil
1086 3993 1215 4062 expressi,
1229 3993 1297 4046 nibil
1315 3995 1436 4048 eminere.

368 4069 501 4133 avaritias,
528 4067 623 4121 famam
646 4065 882 4120 existimationem·
925 4069 967 4121 tie
982 4093 993 4116 ι
1012 4067 1173 4140 Xeoebdeee
1187 4071 1261 4126 baud
1275 4072 1360 4127 dubie
1374 4093 1435 4128 vasa

369 4170 421 4224 que
441 4148 576 4212 detraxit,
594 4159 620 4200 et
637 4146 713 4218 quasi
733 4147 881 4217 rernpubli·
925 4149 1434 4222 intelligitmeanpeaurocircumvincta:
