3100 5125
503 468 654 537 ainau
691 463 844 536 xxxv.
1133 467 1204 560 4¹9

149 601 254 685 ribus,
278 588 545 693 dentibusque²³,
567 603 595 672 si
622 599 724 671 saliua
744 625 822 670 eum
848 621 888 668 eu
913 599 1132 668 contineatur.
1162 601 1206 668 Et

146 704 317 778 oeulonm
346 697 627 776 medicamentis*
650 708 807 778 inseritur
833 719 925 800 apte,
953 701 1170 798 verendisque
1180 693 1205 732 ’⁵

147 813 313 906 utriusque
333 832 440 882 sexus
468 813 634 908 coquitur
651 815 688 884 in
705 812 846 908 patinis,
871 810 980 881 donec
1003 808 1119 904 liquari
1147 809 1206 878 de·

147 919 236 988 sinat.
258 904 467 987 Intesinris’⁶
484 932 536 988 est
562 917 703 990 alterum
728 919 876 1014 guamo,
902 915 993 1012 (prod
1015 913 1206 1011 strongylen
1216 928 1240 980 a

147 1024 300 1094 rannul⁸⁷.
316 1025 402 1094 Dun
411 1023 488 1118 ejus
500 1027 642 1120 speeies,
660 1026 839 1120 fungosum
852 1021 1053 1118 atqueomui
1064 1021 1207 1090 humore

145 1129 223 1200 dilui
236 1125 352 1198 facile:
363 1128 453 1224 quod
468 1131 504 1198 in
515 1145 623 1201 totum
637 1132 824 1202 damnatur.
846 1127 967 1198 Melius
987 1128 1205 1222 pumicosum,

145 1235 387 1305 etforaminum
398 1234 515 1306 fistulis
528 1233 1058 1333 sponginsimile,rotuadumque
1070 1247 1206 1319 natum,

143 1340 285 1410 candido
297 1341 455 1436 propius:
470 1365 546 1411 uum
561 1342 704 1437 qiaadam
725 1339 974 1438 pinguitudine,
991 1341 1061 1409 sine
1081 1340 1208 1426 arenis,

145 1445 289 1531 friabile,
308 1471 371 1517 uec
390 1443 542 1518 inliciens
561 1450 705 1544 nigritia.
727 1451 802 1517 linc
823 1447 977 1542 coquitur
999 1467 1060 1542 peu
1075 1467 1110 1513 se
1131 1467 1207 1514 aar·

145 1552 287 1622 bonibus
297 1554 405 1648 puris,
413 1551 522 1624 donec
535 1554 620 1624 cinis
633 1553 702 1624 liat.
717 1555 892 1649 Optimum
901 1575 943 1620 ex
952 1551 1106 1622 omnibus
1117 1549 1208 1645 quud
1225 1564 1242 1612 6

144 1657 308 1728 Melinum
327 1673 450 1728 uocant
470 1659 514 1728 ab
535 1659 641 1730 insula
658 1659 768 1747 Melo,
784 1673 824 1728 ut
847 1647 1029 1727 diximus²⁸.
1053 1655 1142 1725 Nulli
1160 1657 1209 1726 vis

145 1765 253 1858 major
262 1787 372 1858 neque
387 1765 634 1860 adstringendi,
647 1789 754 1860 neque
768 1763 980 1859 denigrandi,
996 1787 1102 1857 neque
1113 1761 1208 1830 indu·

143 1869 248 1938 randi.
275 1862 413 1954 Nullum
446 1871 591 1965 spissius.
623 1870 809 1941 Oculorum
837 1869 1008 1940 scabritias
1034 1882 1208 1937 extenuat:

144 1973 357 2054 combustum
371 1973 482 2046 utilius
498 1977 666 2073 epiphoris
680 1975 878 2048 inhibendis.
894 1977 949 2044 Sic
961 1989 995 2043 et
1007 1972 1049 2041 ad
1063 1973 1210 2068 pruritus
1242 2005 1245 2010 ¹

144 2082 309 2176 eorporis
319 2083 519 2176 Sanguinem
533 2107 664 2176 quoque
680 2085 765 2153 sistit
778 2085 813 2152 in
825 2081 970 2164 totum²⁹,
987 2077 1066 2148 foris
1080 2077 1209 2148 illitum.

146 2186 260 2256 Vulsis
271 2185 348 2282 pilis
358 2211 399 2256 ex
413 2202 508 2257 aceto
519 2187 639 2258 illitum
647 2202 891 2277 ‚renascentem
903 2183 1010 2255 mollit
1020 2182 1208 2280 lanuginem

145 2317 320 2362 summam.
341 2293 501 2362 Omnium
526 2319 684 2388 generum
709 2296 761 2365 vis
791 2296 825 2362 in
849 2290 1101 2384 adsuingendo:
1123 2287 1235 2376 unde

146 2423 268 2468 numen
285 2383 455 2469 (πάθ’.
480 2399 536 2468 Oh
558 2400 592 2469 id
608 2399 781 2471 oculorum
800 2383 915 2469 vitiis³¹
937 2396 1106 2492 aptissima
1122 2409 1210 2465 suut.
1230 2411 1232 2418 ’

148 2504 324 2601 Sanguinis
340 2504 500 2574 fluxiones
522 2505 651 2576 inhibet
679 2531 756 2577 cum
781 2505 887 2601 adipe.
909 2503 963 2574 Sic
983 2516 1017 2572 et
1036 2501 1243 2583 infantium7

148 2608 292 2681 hulcera.
310 2612 537 2683 Putresccntia
555 2611 729 2685 huloemm
748 2610 930 2707 compescit
945 2634 1022 2679 cum
1040 2606 1152 2704 adipe,
1175 2623 1209 2677 et

147 2826 265 2896 Rapax
281 2825 435 2877 zrssumen
451 2827 538 2881 mulso
558 2827 660 2899 optime
746 2824 1016 2897 spondebam
1026 2830 1212 2896 aceruazrpap·

146 2904 283 2967 dilutum,
300 2916 328 2957 et
346 2904 407 2958 lana
420 2904 592 2972 instillatum,
612 2905 661 2959 do-
701 2909 762 2976 plau
775 2904 1212 2977 erumpimotundnmalumen,

147 2985 233 3037 larem
244 2984 352 3036 auriam
365 2996 447 3037 sanat.
464 3007 476 3032 ο
489 2986 579 3038 lirun.
702 2984 813 3040 alorma
833 2987 871 3038 sic
887 2996 1088 3056 nuncupatum,
1103 2986 1136 3037 ab
1153 2985 1211 3055 ipso

189 3065 236 3117 23.
247 3062 533 3135 Mumm'l'beod.
543 3064 625 3118 Prisc.
635 3066 659 3129 1,
702 3063 871 3133 Ih‘osooride,
887 3065 937 3119 loc.
954 3064 1025 3118 citat.
1047 3062 1137 3117 Banu.

151 3149 205 3207 aa:
218 3162 230 3187 ι
241 3143 307 3196 Solo
321 3143 432 3214 pulvere
448 3142 573 3196 aluminis
586 3144 660 3197 scissi
745 3148 792 3200 ²8.
811 3146 845 3197 Ua
855 3145 967 3199 dutum.
979 3140 1035 3196 Sub
1047 3142 1152 3195 initium
1161 3144 1210 3196 hu·

147 3233 239 3292 putres
247 3218 369 3274 dentium
382 3238 507 3277 cavemus
519 3220 659 3294 impleas·
701 3226 744 3294 jus
753 3224 855 3295 eapitis.
867 3225 959 3278 Haun.

147 3302 219 3355 Cela.
230 3302 282 3366 vl,
295 3305 327 3371 ¹9:
337 3298 471 3355 eatnmen
478 3302 576 3356 scissile
590 3303 619 3356 in
631 3301 661 3355 id
745 3321 791 3373 ap.
801 3300 948 3373 Sanguiaoem
956 3304 1053 3355 sutilia
1062 3314 1144 3355 tntum.
1152 3300 1210 3355 Hoc

147 3382 270 3434 foramen
298 3381 447 3451 injectum,
480 3380 587 3435 dentem
621 3382 660 3435 ci·
704 3394 754 3447 est,
779 3382 890 3435 omnino
912 3380 991 3449 sistit,
1008 3378 1080 3435 unde
1098 3380 1170 3435 unde
1189 3382 1211 3434 is

146 3473 202 3526 tut,
214 3472 266 3513 ete.
278 3482 292 3507 ι
308 3459 402 3513 llaau.
703 3460 834 3531 profluat,
858 3464 944 3515 sivae
963 3462 1086 3527 naribus,
1109 3462 1164 3513 sive
1179 3480 1211 3513 ex

192 3546 240 3601 aa.
254 3538 387 3593 Oculomm
398 3538 579 3593 macoma.
591 3541 658 3593 Dio·
703 3540 773 3593 alvo.
790 3544 855 3612 aeg.
876 3561 906 3609 s,
925 3568 936 3589 ι
949 3540 1023 3595 Sistit
1035 3542 1105 3593 intus
1123 3540 1151 3591 in
1169 3551 1210 3591 ao·

145 3634 218 3672 auur.
228 3618 337 3671 locuit.
350 3618 442 3671 llaan.
702 3632 770 3674 tum.
779 3646 792 3670 ι
810 3619 899 3675 llaun.

191 3696 238 3752 2⁵.
254 3696 425 3768 Vmuqu.
437 3696 490 3750 Kal
501 3699 562 3768 reple
575 3694 661 3751 citou
745 3699 788 3758 3ο,
808 3701 877 3753 Unde
887 3718 970 3753 nomeu
983 3699 1085 3753 Gracia.
1097 3702 1211 3753 truam-

147 3777 284 3846 ἰπίχριςος.
294 3776 416 3831 uincor.
428 3778 480 3831 loe.
491 3778 535 3830 eit.
550 3776 640 3831 lirun.
704 3781 757 3850 pia,
769 3779 842 3849 quod
854 3780 906 3833 vim
920 3781 1000 3833 hahet
1010 3778 1156 3840 στυπτικὴν,
1166 3774 1213 3829 ad-

193 3858 238 3909 aa.
263 3858 396 3921 lateriani.
426 3856 508 3923 Quod
528 3856 604 3911 altius
632 3858 660 3909 ia
703 3856 1112 3930 stringentem.GaleuusdeFae.
1124 3854 1212 3927 simpl.

148 3950 250 3989 terram
278 3934 392 3989 abditur.
415 3935 450 3991 H.
471 3968 509 3980 -
529 3936 661 3989 luurabris.
705 3937 778 3991 med.
792 3938 839 3992 lib.
854 3938 907 4003 lx,
921 3959 949 4009 p.
964 3941 1029 4005 269.
1043 3936 1134 3989 Hanu.

148 4015 229 4067 1188.
239 4014 322 4087 Regg.
337 4037 364 4081 a,
376 4015 441 4080 3‚et
453 4014 518 4071 edit.
529 4016 662 4086 princeps,
748 4018 796 4070 31.
819 4018 859 4071 Ob
881 4019 909 4071 td
926 4018 1045 4070 mationem
1062 4018 1145 4082 viriis,
1163 4026 1214 4069 etc.

148 4097 279 4146 inertum.
293 4095 376 4147 Banu.
709 4095 776 4160 Qnu
789 4098 892 4181 reliquo
904 4096 1029 4167 deinceps
1049 4096 1135 4166 capite
1154 4114 1216 4149 eoa·

1033 4204 1094 4287 27²
