3100 5125
456 545 616 612 nisan
638 548 822 619 xxxvl.
854 573 858 582 »
1101 561 1171 646 435

113 699 213 770 gnare
225 678 404 771 inciperet,
415 677 480 746 boc
493 692 560 764 est,
572 677 770 774 Olympiade
784 685 954 756 circitern.
966 690 993 757 li
1001 692 1174 787 Sicyonem

112 806 147 850 se
158 780 346 869 contulere,
357 807 431 876 quaa
442 781 497 852 diu
509 783 572 852 fuit
579 785 790 856 officinarum
805 793 951 862 omnium
966 797 1173 872 metallorum

113 889 226 981 patria.
241 890 392 957 Deorum
409 890 630 982 quorumdam
647 892 821 964 simulacra
839 897 970 990 publice
985 901 1176 976 locaverant

112 994 271 1085 Sicyonii,
285 1018 359 1088 quae
370 997 462 1088 prius
472 1017 571 1089 quam
586 996 852 1087 absolverentur,
868 1005 1009 1077 artifices
1021 1011 1174 1104 injuriam

112 1100 216 1192 questi
236 1099 389 1168 abierunt
409 1103 443 1168 in
461 1099 595 1170 AEtolos.
620 1105 774 1174 Protinus
793 1098 985 1200 Sicyonem³
1005 1113 1107 1186 fames
1127 1121 1175 1186 in-

113 1206 196 1273 vasit
210 1229 251 1274 ac
266 1204 432 1287 sterilitas,
453 1231 642 1302 moerorque
655 1209 754 1279 dirus.
777 1213 971 1285 Remedium
991 1225 1177 1313 petentibus

113 1309 232 1404 Apollo
241 1311 377 1404 Pythius
385 1300 589 1381 affuturum⁴
600 1315 787 1409 respondit,
803 1320 829 1387 si
844 1322 1047 1414 Dipoenuset
1063 1329 1177 1424 Scyllis

111 1415 250 1486 deorum
272 1416 446 1486 simulacra
466 1412 687 1513 perfecissent.
704 1423 804 1510 Quod
819 1429 950 1520 magnis
971 1435 1178 1505 mercedibus

112 1522 346 1616 obsequiisque
363 1525 574 1618 impetratum
602 1541 660 1594 cst.
685 1531 789 1596 Fuere
814 1546 924 1600 autem
947 1536 1121 1610 simulacra
1141 1565 1179 1612 ea

111 1627 274 1722 Apollinis
282 1614 305 1714 ⁵,
316 1615 459 1717 Diauae⁶,
472 1629 633 1718 Herculis,
646 1635 825 1723 Minervae,
837 1639 927 1731 quod
941 1642 1049 1713 ecaelo
1065 1661 1178 1740 postea

112 1749 238 1803 tactum
257 1748 316 1803 est.

162 1828 229 1931 (v.)
244 1841 359 1928 Quum
375 1840 398 1908 ii
415 1842 624 1936 essent,jam
644 1843 777 1914 fuerant
791 1849 825 1916 in
844 1849 930 1919 Chio
948 1853 1053 1923 insula
1067 1855 1174 1928 Malas
1193 1887 1206 1918 ι

1 1950 2 2007 f
109 1945 272 2040 sculptor,
279 1945 355 2014 dein
361 1945 451 2021 ,lilius
462 1948 532 2042 eius
543 1950 734 2032 Micciades,
748 1975 787 2021 ao
799 1953 916 2025 deinde
929 1982 1032 2053 nepos
1042 1963 1180 2032 Anthen-

1 2110 2 2117 ,
110 2052 203 2122 mus⁷
224 2052 347 2138 Chius,
370 2053 464 2146 cujus
485 2053 544 2122 filii
563 2055 707 2151 Bupalus
725 2071 759 2125 ct
774 2051 997 2132 Anthermus⁸
1010 2064 1179 2140 clarissimi

108 2211 165 2278 ejus
180 2227 214 2262 ex
227 2207 282 2260 lilia
297 2224 395 2280 nepos,
412 2227 444 2275 cx
454 2221 529 2278 patre
543 2210 621 2263 Cam·
663 2212 786 2279 charmes,
813 2219 888 2284 cujus.
921 2219 957 2271 Et
981 2223 1069 2276 statim
1096 2245 1175 2287 mox,

110 2290 174 2357 byse
191 2288 285 2349 Persa,
298 2286 429 2342 successit.
440 2287 531 2341 Haan.
664 2293 782 2357 Athenis,
809 2313 864 2347 non
883 2297 1043 2366 Anthemus,
1067 2317 1096 2356 nt
1120 2307 1177 2377 ipse

151 2369 179 2422 3.
200 2366 335 2438 Sicsonem.
353 2366 438 2419 Gron.
459 2381 485 2420 et
502 2368 544 2420 Al.
561 2381 622 2422 ante
665 2370 749 2426 Hasd.
763 2373 792 2424 in
807 2372 923 2429 editione
936 2381 1092 2449 suapriore.
1104 2385 1155 2438 En.

110 2446 193 2502 Hard.
207 2447 341 2512 Sicronios.
356 2447 407 2498 En.
451 2485 454 2490 -
706 2452 732 2503 8.
746 2451 857 2522 Bupalus
872 2467 896 2506 et
908 2455 1063 2512 Audemus.
1081 2462 1176 2534 Bupali

151 2533 179 2592 4.
192 2527 345 2595 Assutnrum.
358 2524 433 2578 Hanc
443 2543 535 2580 rocem
547 2525 619 2581 Brot
663 2529 785 2585 meminit
806 2533 945 2589 Pausanias
958 2537 986 2589 in
999 2539 1176 2611 Messeniacis,

109 2625 142 2659 ex
156 2606 234 2659 MSS.
248 2608 332 2678 uegg.
350 2617 376 2658 et
394 2604 459 2659 edit.
474 2606 558 2677 princ.
575 2605 622 2660 da·
663 2628 724 2679 pag.
747 2616 813 2679 274,
832 2624 858 2664 et
877 2614 906 2666 in
924 2616 1006 2671 uuor.
1025 2636 1084 2691 pag.
1105 2624 1176 2691 ⁵9⁶;

109 2686 155 2739 let.
171 2688 225 2740 En.
291 2738 296 2747 ,
664 2687 805 2741 Athenidis
821 2690 926 2757 Suidas,
946 2696 1027 2750 verbo
1048 2690 1175 2767 Ῐππώνοξ.

151 2765 179 2820 5.
198 2766 330 2835 Apollines.
349 2762 383 2816 Id
398 2763 568 2817 simulacrum
588 2765 622 2817 ab
664 2766 708 2819 Sic
725 2770 797 2820 enim
816 2772 931 2841 appellat
950 2795 1000 2845 pro
1018 2766 1174 2837 Antbermol

108 2844 237 2917 Scyllidis
249 2842 409 2914 Dipoeirique
425 2842 563 2915 discipulis
576 2844 623 2896 ab·
664 2844 789 2899 Horatius
806 2850 895 2919 Epod.
909 2872 990 2906 mam.
1003 2856 1057 2924 v1,
1075 2858 1176 2932 Hippo-

110 2926 229 2978 solumm
250 2922 333 2977 tradit
353 2924 465 2975 Pausan.
486 2924 556 2976 libro
576 2923 622 2976 cit.
663 2944 730 2990 nax,
746 2946 802 2977 acer
811 2928 884 2981 hostis
895 2932 1103 3003 Bupalosssic
1113 2940 1175 2993 libri

109 3024 170 3077 pag.
186 3002 356 3067 146.Haan.
664 3020 756 3058 omnes
782 3018 837 3060 tum
867 3028 946 3065 mauu
976 3018 1094 3083 exarati,
1118 3034 1175 3073 tum

151 3090 180 3139 6.
199 3083 296 3135 Drance.
315 3082 355 3134 De
369 3081 413 3133 bia
426 3082 550 3151 operibus
562 3082 623 3135 Cle·
663 3082 747 3150 editi,
764 3104 781 3138 a
797 3090 978 3145 vetustissimis
997 3094 1031 3147 ad
1047 3100 1174 3152 recentis·

109 3182 186 3217 mens
198 3157 338 3214 Alexandr.
350 3161 403 3213 loc.
416 3160 459 3213 cit.
473 3162 564 3223 Σκύλης
580 3162 623 3215 καὶ
664 3164 764 3217 simos.-
781 3168 876 3235 quibus
889 3170 1002 3239 proinde
1017 3177 1098 3229 tutius
1116 3196 1175 3231 cre·
1272 3240 1280 3253 .

111 3246 222 3303 Δίποινος
234 3242 411 3311 despoliatus.
420 3243 504 3292 Τοὺτω
514 3237 544 3292 di
553 3239 585 3292 sit
597 3242 620 3292 δν
664 3241 802 3313 das,quam
813 3246 1017 3323 Suidae,quipro
1023 3254 1173 3310 Anthermo

110 3314 185 3394 Ᾰργιι
198 3324 249 3375 τοῖν
263 3321 410 3390 Διοσκούροιν
427 3320 562 3390 ἀρώματα
578 3339 623 3372 κα·
664 3322 743 3375 babet
754 3325 922 3382 Athenidenr.
942 3330 985 3391 Sic
1000 3334 1070 3386 enim
1092 3337 1175 3391 verbo

110 3402 279 3465 τιοκιὺαοαν,
297 3400 338 3453 καὶ
354 3400 395 3450 τὸν
409 3398 434 3451 le
448 3403 542 3469 Τίρυνθι
556 3390 623 3469 lipa-
663 3393 798 3465 Ῐππῶναξ·
820 3406 908 3475 Γροίριι
922 3402 951 3461 tt
968 3414 1028 3479 πρὸς
1050 3416 1174 3469 Βούπαλον

110 3484 192 3542 ναίους
207 3476 360 3550 ἁνδρὶοντο,
373 3479 455 3530 καὶτὸ
468 3484 512 3539 τῆς
526 3486 622 3531 Mouso-
664 3479 705 3532 καὶ
719 3472 819 3547 amors,
834 3486 1065 3557 ἀγκλματοποιοὺς,
1082 3494 1119 3547 ὅτι
1132 3498 1176 3549 οὗ·

110 3563 166 3630 χίας
193 3553 330 3631 Ᾰρτίμιὸος
357 3556 438 3620 ξόανον
465 3559 489 3609 ts
512 3563 621 3610 Σικυῶνι.
665 3566 707 3612 τοῦ
728 3562 820 3622 εἰκόνας
847 3566 907 3635 πρὸς
932 3566 997 3637 ὕίριν
1018 3572 1174 3643 εἰργάσαντο.

114 3666 126 3689 ι
142 3640 234 3714 Scyles
252 3651 279 3691 et
296 3639 426 3708 Dipoenua
438 3638 599 3690 vocabantur
611 3657 619 3688 t
668 3666 679 3687 ι
695 3640 805 3710 Scripsit
816 3642 957 3715 Hipponax
967 3648 995 3700 in
1007 3649 1138 3721 Bupalum
1150 3666 1176 3706 et

111 3720 161 3792 qui
178 3732 205 3773 et
219 3717 346 3788 imagines
361 3715 479 3769 Castoris
492 3729 517 3768 et
531 3716 622 3768 Pollu·
665 3718 824 3772 Athenidern
849 3728 1002 3790 statuarios,
1022 3727 1094 3801 quod
1117 3751 1176 3785 suaa

109 3800 163 3863 cis,
184 3816 245 3870 quaa
266 3809 328 3850 snut
347 3794 439 3865 Argis,
461 3808 487 3849 et
506 3795 621 3866 effigiem
664 3798 791 3869 imagines
805 3800 832 3851 in
846 3801 930 3873 ipsius
943 3808 1176 3863 contumeliamle-
1270 3812 1271 3815 ’

110 3876 622 3948 Herculis,quaeeat'l'irynthe,etldu·
663 3878 768 3932 cissent.
783 3904 794 3925 ι
820 3880 904 3945 Quam
925 3903 1007 3955 porro
1027 3888 1176 3942 carminum

109 3957 215 4029 nycbirr
229 3957 320 4008 Diana
338 3954 365 4007 in
381 3953 493 4025 Sicyone
506 3965 620 4007 statuam
663 3956 868 4012 amaritudinem
880 3959 1041 4016 distrinxisse
1050 3963 1077 4017 in
1091 3969 1177 4041 Bupa-

111 4032 239 4090 t'eoerunl.
256 4060 267 4082 ι
283 4034 373 4087 Haan.
530 4062 538 4068 ·
664 4036 720 4088 lum
730 4036 849 4109 aliosque
859 4038 1021 4096 adversarios
1034 4044 1176 4119 Hipponax

153 4134 180 4184 7.
203 4114 356 4167 Anthemus.
385 4113 459 4165 Rrot.
486 4108 520 4164 οἱ
538 4114 620 4185 llegg.
664 4115 781 4168 aPliuio
794 4116 845 4169 hoc
859 4098 921 4172 loco
936 4119 1042 4189 dicitur,
1058 4138 1087 4178 ea
1101 4146 1176 4199 egre·

109 4192 190 4248 eodd.
209 4214 242 4259 a,
258 4195 285 4260 3,
299 4204 325 4245 at
338 4190 402 4245 adit.
416 4190 553 4264 principe,
568 4193 619 4244 Ar·
662 4194 1032 4268 giasuggillaturquibusdam
1044 4205 1175 4279 epigram·

844 4294 850 4303 ’
1016 4300 1077 4370 28²
