3100 5125
370 532 441 615 sofr
640 532 679 599 C.
706 532 872 601 PLINll
897 531 1002 599 ΝΑΤ.
1029 531 1155 598 HIST.

336 693 348 727 ι
421 667 499 734 ΧΧ.
521 663 619 733 Nunc
635 679 840 733 revertemur
852 664 895 732 ad
906 662 1110 732 differentias
1121 663 1193 731 atris
1210 677 1244 732 et
1259 664 1429 734 mixturas.

368 774 410 839 ln
425 772 548 865 Cyprio
563 769 792 840 coronarium¹
809 785 964 840 tenuatur
976 771 1010 836 in
1022 767 1176 838 laminas:
1193 783 1433 863 taurorumque

369 875 444 946 felle
458 878 597 947 tinctum
608 874 630 962 ²,
644 878 786 970 speeiem
802 878 873 944 auri
890 878 924 945 in
938 876 1069 946 coronis
1083 874 1281 944 histrionum
1295 875 1431 968 praebet.

370 982 528 1076 Idemque
547 984 581 1050 iu
602 984 716 1051 uncias
738 981 855 1050 additis
875 983 946 1050 auri
964 979 1125 1074 scrupulis
1146 981 1249 1066 senis,
1270 980 1432 1073 praetenui

370 1091 489 1182 pyropi
507 1088 639 1156 bractea
653 1073 818 1181 ignescit³.
835 1073 1020 1181 Regularel
1034 1101 1067 1155 et
1082 1088 1116 1153 in
1130 1084 1199 1153 aliis
1214 1085 1253 1154 fit
1270 1084 1432 1170 metallis,

369 1194 513 1287 itemque
531 1192 720 1262 caldarium.
735 1178 962 1279 Differentia⁵,
980 1191 1068 1286 quod
1085 1190 1264 1260 caldarium
1281 1190 1434 1260 funditur

370 1312 514 1381 tanturn,
537 1297 662 1368 malleis
687 1298 820 1393 fragile,
842 1299 960 1392 quihus
985 1295 1135 1391 regulare
1163 1297 1366 1390 obsequitur,
1387 1297 1431 1364 ab

370 1403 440 1473 aliis
455 1403 576 1474 ductile
594 1404 812 1498 appellatum,
825 1403 922 1498 quale
940 1428 1039 1473 omne
1055 1404 1214 1497 Cyprium
1233 1418 1290 1471 est.
1312 1401 1377 1471 Sed
1399 1417 1435 1470 et

338 1511 406 1583 ain
426 1513 550 1581 caeteris
577 1496 745 1596 metallis⁶,
766 1534 846 1579 eura
872 1510 1011 1579 distata
1035 1507 1188 1579 caldario.
1212 1511 1322 1578 Omne
1344 1509 1431 1578 euim

369 1618 517 1709 purgatis
536 1615 723 1709 diligentius
742 1618 811 1709 igni
832 1617 940 1701 vitiis,
959 1616 1181 1708 excoctisque,
1203 1612 1352 1708 regulare
1372 1627 1432 1682 est.

369 1723 409 1788 In
428 1720 559 1816 reliquis
584 1721 778 1813 generibus⁷
798 1720 907 1815 palma
927 1725 1108 1815 Campano.
1135 1718 1246 1788 Simile
1267 1720 1300 1786 in
1322 1718 1434 1788 multis

370 1827 517 1920 partibus
533 1826 650 1911 ltaliae,
672 1828 928 1921 provinciisque.
949 1827 1014 1896 Sed
1032 1842 1169 1896 octonas
1184 1824 1310 1919 plumbi
1332 1823 1434 1894 libras

371 1932 497 2002 addunt
504 1919 528 2020 ⁸,
542 1947 575 2001 et
593 1933 676 2001 bene
691 1932 893 2027 recoquunt⁹
906 1948 1042 2027 propter
1058 1933 1201 2027 inopiam
1218 1930 1305 2025 ligni.
1321 1934 1435 2020 Quan-

370 2052 441 2107 tum
459 2063 496 2106 ea
512 2065 564 2108 res
582 2039 778 2109 differentiae
795 2038 932 2122 afferat,
950 2039 984 2106 in
1001 2037 1107 2107 Gallia
1126 2038 1266 2106 maxime
1283 2039 1433 2120 sentitur,

371 2144 428 2211 ubi
440 2146 526 2212 iuter
544 2143 668 2238 lapides
683 2144 894 2214 candefactos
910 2143 1067 2212 funditur.
1088 2147 1255 2213 Exurente
1274 2145 1362 2212 enim
1382 2168 1435 2211 co

372 2265 466 2319 ctura
480 2255 612 2346 nigrum
631 2265 729 2344 atque
748 2249 864 2345 fragile
883 2249 1066 2320 conficitur.
1086 2251 1248 2318 Praeterea
1266 2247 1365 2317 semel
1387 2256 1435 2318 re

370 2371 536 2449 coquunt:
551 2356 640 2450 quod
654 2358 772 2450 saepius
787 2357 924 2438 fecisse,
945 2355 1083 2424 bonitati
1098 2354 1276 2449 plurimum
1293 2354 1432 2425 confert.

369 2450 451 2548 (rx.)
469 2461 510 2528 ld
524 2486 655 2557 quoque
675 2476 806 2531 notasse
817 2460 841 2486 ¹⁰
855 2487 922 2530 non
940 2461 981 2529 ab
1004 2485 1038 2529 re
1056 2475 1121 2549 est,
1136 2485 1179 2530 aes
1197 2484 1294 2529 omne
1312 2460 1434 2555 frigore

409 2647 471 2701 le.
502 2666 527 2701 r.
555 2648 585 2700 fu
610 2652 692 2720 cyprio
717 2652 878 2703 coronarium.
922 2647 999 2719 quale
1019 2646 1164 2701 caldariam
1181 2645 1360 2701 est.1sidorus
1378 2648 1396 2700 l.
1409 2666 1434 2703 c.

370 2724 434 2779 Hac
449 2724 561 2779 totidem
575 2728 663 2779 verbis
683 2726 779 2781 Isidor.
795 2728 879 2793 xv1,
922 2727 993 2780 Alibi
1004 2746 1081 2798 quarn
1093 2727 1121 2779 iu
1133 2726 1231 2779 aerariis
1241 2726 1323 2798 Cypri
1336 2725 1435 2781 fodinis

374 2824 418 2873 ¹9·
448 2806 624 2859 Coronsrium
657 2806 727 2859 Galli
761 2820 857 2861 vocant
870 2847 878 2873 ,
922 2807 981 2861 fleri
996 2825 1069 2859 nuno
1086 2805 1188 2859 Plinius
1205 2804 1337 2859 admonet.
1358 2806 1395 2858 Η.

369 2884 506 2956 alinquaus,
523 2886 667 2938 mimorum
682 2885 789 2939 coronis
808 2885 882 2939 adbi·
966 2886 991 2940 5.
1015 2886 1175 2953 Differentia.
1201 2883 1324 2938 Totidem
1347 2886 1435 2939 verbis

371 2962 428 3016 beri
452 2964 568 3017 solitum.
586 2964 697 3018 Sarotus
716 2964 749 3019 de
768 2966 880 3019 Numm.
922 2964 1021 3019 Isidos.
1036 2965 1086 3018 loc.
1099 2965 1145 3017 cit.
1159 2966 1251 3018 Hsan.

370 3040 401 3095 P.
412 3043 454 3107 II,
472 3061 517 3112 17,
531 3062 590 3115 pag.
608 3051 672 3107 124.
689 3047 779 3098 Haut).
966 3049 990 3097 6.
1009 3044 1059 3098 Sed
1074 3056 1098 3095 st
1117 3050 1141 3096 iu
1155 3049 1245 3097 coeteris
1267 3042 1379 3095 metallis.
1400 3045 1433 3097 In

412 3142 437 3175 a.
455 3124 635 3195 Taurorumque
652 3124 710 3189 felle
727 3127 835 3178 tinctum.
854 3124 881 3177 Α
924 3124 980 3178 aliis
994 3144 1009 3179 a
1021 3124 1113 3196 Cypro
1127 3122 1226 3177 fodinis
1240 3123 1346 3177 erariis.
1361 3122 1396 3175 H.

371 3203 428 3253 solo
453 3202 515 3274 igue
539 3204 643 3255 trabere
668 3204 741 3255 hunc
762 3204 880 3257 colorem
964 3223 991 3274 7.
1018 3206 1048 3256 Iu
1066 3204 1160 3275 reliquis
1179 3202 1314 3273 grauibus.
1336 3200 1431 3255 Isidor.

372 3282 483 3334 Sarotus
497 3293 647 3347 astructor,
658 3283 675 3334 l.
688 3302 712 3337 c.
727 3303 755 3354 p.
769 3284 834 3338 125.
846 3282 880 3335 H.
922 3286 975 3337 loc.
989 3284 1034 3335 cit.
1046 3283 1135 3337 Hsan.

413 3359 438 3414 3.
461 3363 585 3413 Proetsrsas'
596 3365 686 3433 pyropi
702 3363 799 3414 bractea
813 3366 881 3432 igne·
965 3366 991 3416 8.
1007 3362 1058 3414 Sed
1066 3375 1162 3413 octonas
1171 3360 1263 3430 plumbi
1276 3361 1317 3413 tu.
1331 3360 1433 3412 addatur.

371 3444 424 3491 rer't.
441 3440 500 3493 Hoc
513 3453 564 3504 est,
584 3454 613 3493 ut
631 3440 750 3495 Isidorus
767 3444 883 3513 explicat
924 3440 967 3493 Ad
990 3454 1100 3495 centena
1125 3440 1226 3494 scilicet
1248 3441 1306 3493 reris
1329 3438 1434 3509 proflsti

371 3518 422 3571 loc.
437 3520 482 3573 eit.
501 3547 511 3567 ι
527 3520 660 3573 Praetenui
682 3524 787 3575 bractea
808 3522 881 3593 igne·
923 3520 1031 3594 pondo,
1045 3533 1074 3573 ut
1087 3539 1149 3573 mox
1164 3518 1276 3572 dicetur.
1288 3520 1377 3571 Hsau.

372 3598 433 3663 seit,
449 3612 475 3651 et
488 3599 607 3652 imitatur
622 3599 754 3662 flammas,
770 3600 882 3653 undeet
966 3620 992 3669 9.
1014 3600 1080 3653 Bene
1100 3610 1236 3669 recoquunt.
1251 3598 1336 3651 Gron.
1351 3609 1377 3650 et
1395 3596 1433 3649 ΑΙ.

371 3695 505 3750 pyropum
516 3678 624 3732 dicitur.
642 3706 652 3726 ι
670 3680 754 3733 Graeci
766 3685 880 3751 πυρωπὸν
924 3693 982 3735 aute
995 3678 1077 3732 Hard.
1090 3680 1141 3730 lens
1154 3698 1232 3749 reeoq.
1242 3677 1295 3731 Eu.

372 3770 484 3823 vocant,
499 3758 572 3830 quod
591 3770 630 3811 est
650 3758 774 3830 adspectu
790 3760 881 3813 rutilo.
968 3780 1009 3813 ro.
1022 3755 1434 3831 quuaqrrenotarss,etc.1isdem

372 3835 405 3888 Η.
417 3838 600 3910 -Pyropus,
613 3839 774 3911 lerduquaut.
784 3840 869 3892 Baor.
923 3839 1010 3892 verbis
1024 3836 1120 3891 Isidor.
1140 3838 1193 3891 loc.
1208 3837 1252 3891 cit.
1273 3836 1315 3889 Ab
1329 3836 1372 3888 bis
1385 3854 1433 3887 vo·

413 3922 439 3979 4.
461 3918 591 3986 Regelare.
619 3916 700 3981 Quod
726 3919 754 3970 in
779 3917 882 3989 regulas
924 3917 999 3971 cibus
1015 3917 1128 3971 Pliniani
1146 3916 1262 3970 editores
1277 3916 1371 3985 capitis
1384 3913 1435 3967 iui-

372 3991 492 4061 ducitar,
504 3996 576 4067 qaod
590 3997 692 4049 malleis
705 3994 836 4062 tunditur,
851 4009 882 4049 ut
924 3998 990 4049 tium
1011 3998 1111 4061 fecere,
1123 3997 1166 4050 cui
1180 4010 1207 4050 et
1225 3992 1351 4049 addidere
1369 3994 1434 4046 lem·

372 4069 881 4146 ductile'liat,etrsgulare:sicutoon·
927 4095 982 4141 ma,
1004 4076 1160 4143 Differentiae
1185 4078 1240 4127 aris
1264 4086 1287 4125 et
1311 4077 1434 4136 mistura,

374 4160 411 4202 tra
427 4152 520 4217 fusile,
535 4153 607 4225 quod
628 4167 730 4207 tautum
748 4154 880 4219 funditur,
923 4154 998 4225 quod
1015 4156 1099 4209 multo
1119 4168 1179 4209 ants
1198 4154 1299 4226 praefigi
1318 4152 1435 4223 oportuit
