3100 5125
488 549 642 618 mnan
666 548 877 618 xxxvn.
1145 545 1217 644 619

87 728 94 734 -
149 665 233 750 nus'
252 678 324 773 ejus
350 677 495 767 faciunt,
514 705 749 776 sangenonque
775 681 818 750 ab
839 678 931 750 lndis
955 680 1067 750 vocari
1089 679 1216 751 dicunt.

149 783 360 854 Traduntur⁹
377 786 469 857 nasci
484 788 565 856 etin
582 789 747 883 AEgypto,
764 801 798 856 et
818 788 851 855 in
869 786 1008 874 Arabia,
1025 801 1060 855 et
1073 785 1217 857 vilissimi
1256 775 1265 792 ⁸

150 892 186 961 in
207 895 323 960 Ponto.
346 893 431 960 ltem
452 893 487 960 in
502 892 651 979 Galatia,
666 917 706 962 ac
728 893 857 977 Thaso,
879 907 914 962 et
935 895 1060 987 Cypro.
1086 894 1219 986 Quippe

150 996 240 1092 opali
255 999 395 1091 gratiam
415 996 540 1068 habet:
560 999 618 1068 scd
637 996 769 1068 mollius
787 1001 887 1085 nitet,
909 1023 986 1068 raro
1003 1022 1071 1067 non
1094 999 1217 1067 scaber.

151 1105 289 1172 Summa
305 1101 425 1172 coloris
437 1127 477 1172 ea
491 1128 567 1174 aere
580 1120 614 1174 et
624 1103 799 1200 purpura¹⁰
812 1118 943 1174 constat
957 1133 964 1174 :
981 1104 1127 1198 yiriditas
1141 1127 1221 1173 sma-

152 1207 247 1303 ragdi
261 1206 372 1292 deest3
397 1225 592 1304 constatque
608 1210 726 1281 melior
739 1209 811 1297 ille,
834 1215 928 1304 cujus
947 1208 1058 1305 fulgor
1073 1211 1142 1279 vini
1160 1233 1220 1280 co-
1303 1229 1308 1238 ·

126 1340 135 1347 ·
152 1313 226 1384 lore
246 1314 405 1397 fuscatur,
426 1339 526 1408 quam
544 1318 600 1412 qui
622 1315 759 1386 diluitur
780 1339 876 1410 aqua.

207 1423 337 1490 xxttt.
372 1423 542 1492 Hactenus
569 1421 612 1490 de
635 1423 823 1517 principatu
847 1421 1019 1501 convenit,
1043 1419 1219 1490 mulierum
1244 1452 1253 1483 ι

153 1528 297 1596 maxime
312 1527 610 1598 senatusconsulto.
630 1530 743 1598 Minus
761 1541 852 1598 certa
872 1541 967 1613 sunt,
989 1525 1169 1621 dequibus
1189 1542 1224 1597 et

153 1634 218 1701 viri
227 1631 387 1724 judicant.
409 1632 622 1727 Singulorum
638 1635 726 1702 enim
744 1632 846 1702 libido
861 1630 998 1727 singulis
1015 1633 1120 1728 pretia
1133 1632 1223 1720 facit,
1264 1659 1270 1676 ·

154 1752 190 1806 et
204 1739 368 1832 praecipue
387 1763 515 1832 regum.
534 1738 693 1808 Claudius
711 1741 823 1810 Caesar
838 1737 1031 1832 smaragdos
1048 1737 1220 1824 induebat,

158 1857 194 1913 et
216 1842 448 1938 sardonychas.
473 1846 605 1914 Primus
629 1858 740 1914 autem
765 1847 994 1913 Romanorum
1018 1843 1224 1939 sardonyche

154 1973 235 2019 usus
249 1964 300 2018 est
317 1951 409 2043 prior
427 1948 634 2031 eluamus,
655 1964 693 2021 ut
709 1951 743 2019 in
761 1951 898 2019 historia
918 1948 1018 2019 tradit
1033 1952 1224 2020 Demostra-

154 2071 226 2140 tus,
240 2069 275 2122 et
287 2055 550 2128 indeRomanis¹
562 2057 649 2125 hane
665 2081 831 2152 gemmam
846 2056 945 2125 fuisse
960 2053 1219 2125 celeberrimam.

155 2160 381 2250 Quamobrem
406 2164 592 2256 proximum
613 2163 643 2232 ei
668 2162 820 2232 dabimus
843 2161 962 2252 locum.
988 2160 1223 2256 sardonyches

156 2266 253 2354 olim,
263 2281 301 2336 ut
313 2291 355 2336 ex
369 2254 524 2337 nomine³
542 2270 615 2363 ipso
625 2283 779 2363 apparet,
798 2267 1064 2362 intelligebantur
1079 2267 1223 2338 caudore

198 2443 226 2496 Β.
254 2441 381 2494 Privatam
413 2461 498 2512 grassa
527 2442 595 2496 Sunt
619 2440 666 2512 qui
710 2439 863 2511 douyehats
876 2457 1001 2493 manne·
1015 2439 1136 2493 Anulum
1152 2441 1222 2493 enim

154 2519 667 2595 proderotaseliutessegesamampro·
710 2522 836 2594 gerebant
858 2519 958 2593 equites
976 2519 1093 2585 romani,
1109 2536 1139 2573 ac
1152 2537 1226 2575 sena·

156 2602 209 2674 prii
215 2601 332 2674 gesseris,
342 2615 369 2656 et
377 2602 414 2654 ch
424 2602 505 2671 opalo
517 2600 666 2656 dirersidl.
711 2614 791 2666 tores,
804 2620 864 2654 cum
881 2617 984 2671 gemma
996 2597 1177 2671 sardonyche,
1191 2618 1226 2653 eo

197 2702 226 2752 9.
245 2682 392 2734 deaatar.
413 2683 519 2735 Broter.
539 2700 571 2735 ea
591 2682 667 2735 MSS.
712 2680 825 2733 inclusa.
841 2680 932 2733 lisso.

157 2762 223 2833 lieg.
242 2760 389 2825 sanans
404 2766 481 2814 nasci.
494 2762 561 2815 hiox
578 2780 611 2815 ex
623 2780 669 2814 eo·
754 2758 782 2813 s.
794 2758 960 2830 sodomum
975 2759 1047 2824 olim,
1065 2770 1093 2811 ut
1105 2778 1136 2810 er
1148 2762 1226 2810 sami·

157 2838 235 2906 dem,
245 2841 402 2906 uilissimum,
415 2859 471 2893 non
481 2842 601 2895 uilissimi.
613 2840 667 2893 En.
712 2858 756 2899 ss.
776 2854 826 2893 ete.
842 2837 1022 2910 sardonychis
1039 2855 1136 2891 nomeu
1151 2854 1225 2891 com·

202 2920 627 2992 ro.E'easrsetpusymra.Sielleg.
640 2938 668 2984 a,
711 2919 830 2990 positum
844 2936 876 2971 ex
886 2916 980 2983 Sarda,
990 2934 1050 2989 quas
1059 2916 1229 2987 Graecissa'a·

158 3012 187 3052 et
200 2998 277 3051 Colb.
293 3000 327 3065 3,
339 3000 446 3071 aliique.
457 2998 531 3054 Editi
541 3000 669 3053 hactenus
711 2994 765 3052 alsus
781 3010 808 3051 et
820 3000 874 3061 ὄνυξ
889 3015 949 3071 quas
966 3014 1080 3069 unguem
1088 2996 1227 3066 ,significat

157 3078 431 3144 libsi,mssdose,ss
445 3100 503 3134 oere.
513 3080 614 3133 Plinius
626 3079 669 3132 iu·
712 3091 739 3132 et
757 3096 888 3148 gemmam
913 3077 1010 3147 unguis
1032 3077 1139 3138 eolore;
1162 3093 1228 3148 ergo

159 3158 286 3221 feriano.
300 3162 352 3221 46:
365 3158 669 3214 «comminuamus-
712 3158 844 3229 sardonyx
866 3158 901 3211 ita
926 3158 990 3209 olim
1015 3156 1228 3226 intelligebatur,

159 3236 608 3308 lacidsmcrystallum,viridissuo
618 3258 674 3291 sno·
715 3239 789 3291 velut
814 3238 908 3308 unguis
934 3236 1058 3289 carnibus
1088 3236 1227 3306 impositus

162 3316 200 3370 do
213 3335 274 3381 aes,
287 3318 419 3389 simulque
431 3337 561 3389 purpura,
574 3332 602 3372 et
611 3320 673 3391 qui·
716 3327 793 3370 esset.
804 3314 945 3389 Sequentia
958 3316 995 3369 sio
1010 3316 1086 3387 lege:
1106 3341 1117 3363 ι
1127 3314 1228 3375 Radioe

161 3396 253 3449 dans...
265 3397 340 3451 croci
354 3398 436 3451 nitor.
450 3423 461 3445 .
477 3399 567 3451 Haec.
716 3395 793 3468 nigra
813 3408 858 3449 aut
883 3395 1025 3449 ceruleum
1045 3394 1184 3447 imitantes
1201 3404 1236 3455 et¹

202 3476 307 3530 xxltt.
324 3494 349 3529 s.
363 3477 439 3528 Prior
452 3478 594 3544 Africanus.
613 3476 672 3530 sei·
716 3492 806 3547 ungue
829 3476 942 3528 minium
962 3476 1093 3528 incretum
1111 3470 1228 3527 candido

162 3556 209 3627 pio
222 3555 364 3612 Africanus
376 3556 465 3626 prior,
477 3556 523 3627 qui
537 3556 609 3610 hello
622 3575 671 3627 pu·
716 3555 826 3626 pingui,
837 3572 887 3608 uec
901 3555 958 3607 sine
972 3553 1085 3625 quadarn
1104 3572 1150 3625 spe
1163 3570 1229 3622 pur-

161 3636 224 3689 nico
234 3634 360 3699 secundo,
369 3648 400 3688 ut
410 3636 445 3689 ab
455 3634 533 3689 Itslio
539 3648 674 3689 revocaret
716 3653 790 3706 pura
802 3634 830 3687 in
845 3634 956 3687 minium
971 3646 1151 3696 transeunte,-
1164 3630 1231 3685 dicit

162 3714 356 3779 Hannibalem,
370 3714 557 3785 transportavit
572 3714 672 3768 bellum
718 3714 845 3767 Arabicas
864 3711 1033 3767 sardonichus
1056 3713 1160 3765 nullum
1186 3710 1235 3763 hs-

162 3795 193 3847 in
207 3794 340 3858 Africam,
359 3795 506 3866 Poeuosque
521 3793 673 3848 debellavit.
717 3793 782 3846 here
794 3792 877 3847 tarda
897 3793 1050 3863 vestigium,
1065 3804 1094 3843 ut
1112 3788 1232 3853 indicas,

162 3872 254 3926 Hsan.
718 3871 764 3925 sed
781 3873 838 3927 aliia
850 3872 985 3927 coloribus
999 3871 1122 3941 intelligi.
1141 3868 1230 3923 Sasu.

207 3974 233 4007 a.
243 3954 281 4004 Et
290 3952 345 4004 inde
355 3952 478 4006 Romanis.
489 3954 551 4006 Huc
560 3952 676 4024 pertinot
719 3980 756 3996 —-
770 3952 943 4024 sardonyches.
964 3951 1026 4003 lieo
1044 3948 1154 4002 totidem
1175 3948 1234 4001 iere

163 4030 232 4087 illud
247 4032 389 4097 Martialis,
400 4033 448 4085 lib.
459 4033 497 4097 11,
509 4033 601 4104 Epigr.
619 4034 672 4087 28:
720 4030 807 4084 verbis
822 4030 956 4095 Isidorus,
970 4031 1017 4082 lib.
1027 4029 1111 4091 XVl,
1124 4046 1181 4100 cap.
1197 4031 1234 4092 s;
1253 4087 1258 4100 ‚

167 4109 441 4176 ·lluie,sidesilluus
453 4112 674 4183 subselliaprima
717 4109 894 4173 Has-bodens,
914 4107 1018 4163 lib.'de
1040 4106 1136 4179 Lepid.
1163 4119 1232 4179 pret.

164 4192 406 4261 tenentem,chus
421 4192 524 4245 ethice
536 4192 608 4245 lucet
620 4210 674 4244 sar·
717 4208 778 4261 cap.
805 4194 860 4243 ⁵6:
885 4188 1109 4258 «sardonychem
1133 4188 1236 4243 iaciunt
