<?xml version="1.0" encoding="UTF-8"?>
<!DOCTYPE html PUBLIC "-//W3C//DTD XHTML 1.0 Transitional//EN"
    "http://www.w3.org/TR/xhtml1/DTD/xhtml1-transitional.dtd">
<html xmlns="http://www.w3.org/1999/xhtml" xml:lang="en" lang="en">
 <head>
  <title>
</title>
<meta http-equiv="Content-Type" content="text/html;charset=utf-8" />
  <meta name='ocr-system' content='tesseract 3.04.00' />
  <meta name='ocr-capabilities' content='ocr_page ocr_carea ocr_par ocr_line ocrx_word'/>
</head>
<body>
  <div class='ocr_page' id='page_1' title='image "./caiipliniisecun00hardgoog_0044.png"; bbox 0 0 3100 5125; ppageno 0'>
   <div class='ocr_carea' id='block_1_1' title="bbox 377 452 1173 548">
    <p class='ocr_par' dir='ltr' id='par_1_1' title="bbox 377 452 1173 548">
     <span class='ocr_line' id='line_1_1' title="bbox 377 452 1173 548; baseline -0.018 -14"><span class='ocrx_word' id='word_1_1' title='bbox 377 462 424 548; x_wconf 79' lang='grc'><strong>34</strong></span> <span class='ocrx_word' id='word_1_2' title='bbox 650 458 688 527; x_wconf 89' lang='lat' dir='ltr'><strong>C.</strong></span> <span class='ocrx_word' id='word_1_3' title='bbox 713 455 883 527; x_wconf 81' lang='lat' dir='ltr'><strong>PLINII</strong></span> <span class='ocrx_word' id='word_1_4' title='bbox 906 452 1173 527; x_wconf 72' lang='lat' dir='ltr'><strong>unumst.</strong></span> 
     </span>
    </p>
   </div>
   <div class='ocr_carea' id='block_1_2' title="bbox 376 582 1445 1329">
    <p class='ocr_par' dir='ltr' id='par_1_2' title="bbox 376 582 1445 1329">
     <span class='ocr_line' id='line_1_2' title="bbox 376 582 1443 693; baseline -0.012 -27"><span class='ocrx_word' id='word_1_5' title='bbox 376 593 550 693; x_wconf 77' lang='lat' dir='ltr'>digitisque</span> <span class='ocrx_word' id='word_1_6' title='bbox 566 591 660 672; x_wconf 91' lang='lat' dir='ltr'><strong>totis,</strong></span> <span class='ocrx_word' id='word_1_7' title='bbox 673 587 759 660; x_wconf 86' lang='lat' dir='ltr'><strong>eollo</strong></span> <span class='ocrx_word' id='word_1_8' title='bbox 772 588 945 678; x_wconf 90' lang='lat' dir='ltr'><strong>,auribus,</strong></span> <span class='ocrx_word' id='word_1_9' title='bbox 961 587 1077 684; x_wconf 89' lang='lat' dir='ltr'><strong>spiris:</strong></span> <span class='ocrx_word' id='word_1_10' title='bbox 1069 582 1310 655; x_wconf 80' lang='lat' dir='ltr'><strong>:discurrant¹⁰</strong></span> <span class='ocrx_word' id='word_1_11' title='bbox 1315 597 1443 654; x_wconf 83' lang='lat' dir='ltr'><strong>oatertae</strong></span> 
     </span>
     <span class='ocr_line' id='line_1_3' title="bbox 377 688 1443 792; baseline -0.015 -18"><span class='ocrx_word' id='word_1_12' title='bbox 377 723 467 774; x_wconf 81' lang='lat' dir='ltr'><strong>orrea</strong></span> <span class='ocrx_word' id='word_1_13' title='bbox 477 700 599 787; x_wconf 86' lang='lat' dir='ltr'><strong>latera</strong></span> <span class='ocrx_word' id='word_1_14' title='bbox 615 711 649 767; x_wconf 89' lang='lat' dir='ltr'><strong>et</strong></span> <span class='ocrx_word' id='word_1_15' title='bbox 657 695 791 767; x_wconf 79' lang='lat' dir='ltr'><strong>inserta</strong></span> <span class='ocrx_word' id='word_1_16' title='bbox 794 694 1071 792; x_wconf 78' lang='lat' dir='ltr'><strong>margaritarum</strong></span> <span class='ocrx_word' id='word_1_17' title='bbox 1086 691 1267 788; x_wconf 77' lang='lat' dir='ltr'><strong>ponderate</strong></span> <span class='ocrx_word' id='word_1_18' title='bbox 1282 688 1369 760; x_wconf 88' lang='lat' dir='ltr'><strong>eollo</strong></span> <span class='ocrx_word' id='word_1_19' title='bbox 1382 691 1443 760; x_wconf 92' lang='lat' dir='ltr'><strong>do·</strong></span> 
     </span>
     <span class='ocr_line' id='line_1_4' title="bbox 378 795 1444 932; baseline -0.015 -51"><span class='ocrx_word' id='word_1_20' title='bbox 378 812 544 881; x_wconf 88' lang='lat' dir='ltr'><strong>minarum</strong></span> <span class='ocrx_word' id='word_1_21' title='bbox 563 828 645 875; x_wconf 89' lang='lat' dir='ltr'><strong>auro</strong></span> <span class='ocrx_word' id='word_1_22' title='bbox 663 803 850 899; x_wconf 76' lang='lat' dir='ltr'><strong>pendeant,</strong></span> <span class='ocrx_word' id='word_1_23' title='bbox 860 817 899 872; x_wconf 91' lang='lat' dir='ltr'><strong>ut</strong></span> <span class='ocrx_word' id='word_1_24' title='bbox 916 803 949 872; x_wconf 88' lang='lat' dir='ltr'><strong>in</strong></span> <span class='ocrx_word' id='word_1_25' title='bbox 965 826 1082 932; x_wconf 80' lang='lat' dir='ltr'><strong>sompo</strong></span> <span class='ocrx_word' id='word_1_26' title='bbox 1096 796 1247 895; x_wconf 88' lang='lat' dir='ltr'><strong>quoque¹</strong></span> <span class='ocrx_word' id='word_1_27' title='bbox 1251 795 1444 866; x_wconf 80' lang='lat' dir='ltr'><strong>²unionum</strong></span> 
     </span>
     <span class='ocr_line' id='line_1_5' title="bbox 379 893 1444 1005; baseline -0.013 -20"><span class='ocrx_word' id='word_1_28' title='bbox 379 913 579 987; x_wconf 74' lang='lat' dir='ltr'><strong>conscientia</strong></span> <span class='ocrx_word' id='word_1_29' title='bbox 599 911 709 980; x_wconf 87' lang='lat' dir='ltr'><strong>adsit:</strong></span> <span class='ocrx_word' id='word_1_30' title='bbox 727 912 869 979; x_wconf 73' lang='lat' dir='ltr'><strong>suamne</strong></span> <span class='ocrx_word' id='word_1_31' title='bbox 881 893 1050 1005; x_wconf 84' lang='lat' dir='ltr'><strong>pedibus¹³</strong></span> <span class='ocrx_word' id='word_1_32' title='bbox 1068 906 1227 995; x_wconf 85' lang='lat' dir='ltr'><strong>induitur,</strong></span> <span class='ocrx_word' id='word_1_33' title='bbox 1242 918 1341 999; x_wconf 88' lang='lat' dir='ltr'><strong>atque</strong></span> <span class='ocrx_word' id='word_1_34' title='bbox 1354 905 1444 972; x_wconf 88' lang='lat' dir='ltr'><strong>inter</strong></span> 
     </span>
     <span class='ocr_line' id='line_1_6' title="bbox 379 1006 1445 1113; baseline -0.014 -20"><span class='ocrx_word' id='word_1_35' title='bbox 379 1006 528 1093; x_wconf 77' lang='lat' dir='ltr'><strong>stotam¹⁴</strong></span> <span class='ocrx_word' id='word_1_36' title='bbox 548 1016 745 1113; x_wconf 83' lang='lat' dir='ltr'><strong>plebemque</strong></span> <span class='ocrx_word' id='word_1_37' title='bbox 767 1017 862 1087; x_wconf 90' lang='lat' dir='ltr'><strong>buno</strong></span> <span class='ocrx_word' id='word_1_38' title='bbox 881 1016 1027 1086; x_wconf 89' lang='lat' dir='ltr'><strong>medium</strong></span> <span class='ocrx_word' id='word_1_39' title='bbox 1044 1014 1243 1083; x_wconf 85' lang='lat' dir='ltr'><strong>feminarum</strong></span> <span class='ocrx_word' id='word_1_40' title='bbox 1255 1025 1445 1105; x_wconf 85' lang='lat' dir='ltr'><strong>equestrem</strong></span> 
     </span>
     <span class='ocr_line' id='line_1_7' title="bbox 379 1104 1444 1217; baseline -0.012 -19"><span class='ocrx_word' id='word_1_41' title='bbox 379 1128 530 1198; x_wconf 91' lang='lat' dir='ltr'><strong>ordinem</strong></span> <span class='ocrx_word' id='word_1_42' title='bbox 546 1122 647 1194; x_wconf 82' lang='lat' dir='ltr'><strong>facit?</strong></span> <span class='ocrx_word' id='word_1_43' title='bbox 658 1124 882 1193; x_wconf 86' lang='lat' dir='ltr'><strong>Honestius</strong></span> <span class='ocrx_word' id='word_1_44' title='bbox 851 1147 913 1192; x_wconf 77' lang='lat' dir='ltr'><strong>vrrs</strong></span> <span class='ocrx_word' id='word_1_45' title='bbox 906 1118 1143 1217; x_wconf 78' lang='lat' dir='ltr'><strong>paedagogiis¹</strong></span> <span class='ocrx_word' id='word_1_46' title='bbox 1147 1104 1201 1191; x_wconf 88' lang='lat' dir='ltr'><strong>⁵id</strong></span> <span class='ocrx_word' id='word_1_47' title='bbox 1212 1118 1345 1189; x_wconf 88' lang='lat' dir='ltr'><strong>damus·</strong></span> <span class='ocrx_word' id='word_1_48' title='bbox 1336 1115 1444 1185; x_wconf 86' lang='lat' dir='ltr'><strong>·bali·</strong></span> 
     </span>
     <span class='ocr_line' id='line_1_8' title="bbox 380 1216 1444 1329; baseline -0.012 -24"><span class='ocrx_word' id='word_1_49' title='bbox 380 1257 525 1329; x_wconf 87' lang='lat' dir='ltr'><strong>neasque</strong></span> <span class='ocrx_word' id='word_1_50' title='bbox 535 1216 669 1299; x_wconf 86' lang='lat' dir='ltr'><strong>¹⁶dives</strong></span> <span class='ocrx_word' id='word_1_51' title='bbox 701 1254 882 1325; x_wconf 88' lang='lat' dir='ltr'><strong>puerorum</strong></span> <span class='ocrx_word' id='word_1_52' title='bbox 916 1229 1023 1299; x_wconf 83' lang='lat' dir='ltr'><strong>forma</strong></span> <span class='ocrx_word' id='word_1_53' title='bbox 1052 1228 1226 1299; x_wconf 83' lang='lat' dir='ltr'><strong>convertit.</strong></span> <span class='ocrx_word' id='word_1_54' title='bbox 1258 1228 1334 1295; x_wconf 81' lang='lat' dir='ltr'><strong>lam</strong></span> <span class='ocrx_word' id='word_1_55' title='bbox 1361 1247 1444 1294; x_wconf 87' lang='lat' dir='ltr'><strong>vero</strong></span> 
     </span>
    </p>
   </div>
   <div class='ocr_carea' id='block_1_3' title="bbox 305 1400 1492 4189">
    <p class='ocr_par' dir='ltr' id='par_1_3' title="bbox 305 1400 1492 4189">
     <span class='ocr_line' id='line_1_9' title="bbox 385 1400 1448 1479; baseline -0.007 -16"><span class='ocrx_word' id='word_1_56' title='bbox 385 1406 493 1463; x_wconf 81' lang='lat' dir='ltr'><strong>latusin</strong></span> <span class='ocrx_word' id='word_1_57' title='bbox 506 1406 644 1479; x_wconf 74' lang='lat' dir='ltr'><strong>publicum</strong></span> <span class='ocrx_word' id='word_1_58' title='bbox 653 1404 814 1477; x_wconf 81' lang='lat' dir='ltr'><strong>processit,</strong></span> <span class='ocrx_word' id='word_1_59' title='bbox 802 1417 892 1459; x_wconf 88' lang='lat' dir='ltr'><strong>teste</strong></span> <span class='ocrx_word' id='word_1_60' title='bbox 934 1424 1029 1459; x_wconf 82' lang='lat' dir='ltr'><strong>aarum</strong></span> <span class='ocrx_word' id='word_1_61' title='bbox 1051 1404 1180 1476; x_wconf 85' lang='lat' dir='ltr'><strong>compede</strong></span> <span class='ocrx_word' id='word_1_62' title='bbox 1202 1416 1329 1475; x_wconf 86' lang='lat' dir='ltr'><strong>gestatum</strong></span> <span class='ocrx_word' id='word_1_63' title='bbox 1352 1400 1448 1457; x_wconf 84' lang='lat' dir='ltr'><strong>distin·</strong></span> 
     </span>
     <span class='ocr_line' id='line_1_10' title="bbox 384 1480 1448 1559; baseline -0.005 -17"><span class='ocrx_word' id='word_1_64' title='bbox 384 1484 891 1559; x_wconf 74' lang='lat' dir='ltr'><strong>Tranquillozcarosdeinde,etaliili.</strong></span> <span class='ocrx_word' id='word_1_65' title='bbox 934 1486 1033 1557; x_wconf 88' lang='lat' dir='ltr'><strong>gnebat</strong></span> <span class='ocrx_word' id='word_1_66' title='bbox 1049 1484 1186 1538; x_wconf 89' lang='lat' dir='ltr'><strong>libertinas</strong></span> <span class='ocrx_word' id='word_1_67' title='bbox 1204 1496 1261 1538; x_wconf 88' lang='lat' dir='ltr'><strong>tum</strong></span> <span class='ocrx_word' id='word_1_68' title='bbox 1284 1500 1299 1535; x_wconf 83' lang='lat' dir='ltr'><strong>a</strong></span> <span class='ocrx_word' id='word_1_69' title='bbox 1318 1484 1401 1550; x_wconf 87' lang='lat' dir='ltr'><strong>stola,</strong></span> <span class='ocrx_word' id='word_1_70' title='bbox 1414 1480 1448 1537; x_wconf 87' lang='lat' dir='ltr'><strong>id</strong></span> 
     </span>
     <span class='ocr_line' id='line_1_11' title="bbox 426 1564 1448 1637; baseline -0.005 -16"><span class='ocrx_word' id='word_1_71' title='bbox 426 1566 757 1621; x_wconf 64' lang='lat' dir='ltr'><strong>numerumnunerum.</strong></span> <span class='ocrx_word' id='word_1_72' title='bbox 779 1565 893 1637; x_wconf 86' lang='lat' dir='ltr'><strong>Cingula</strong></span> <span class='ocrx_word' id='word_1_73' title='bbox 935 1578 989 1631; x_wconf 86' lang='lat' dir='ltr'><strong>eat,</strong></span> <span class='ocrx_word' id='word_1_74' title='bbox 1015 1564 1142 1617; x_wconf 84' lang='lat' dir='ltr'><strong>matronis</strong></span> <span class='ocrx_word' id='word_1_75' title='bbox 1173 1564 1307 1625; x_wconf 85' lang='lat' dir='ltr'><strong>honestis,</strong></span> <span class='ocrx_word' id='word_1_76' title='bbox 1342 1574 1400 1616; x_wconf 89' lang='lat' dir='ltr'><strong>tom</strong></span> <span class='ocrx_word' id='word_1_77' title='bbox 1429 1580 1448 1616; x_wconf 86' lang='lat' dir='ltr'><strong>a</strong></span> 
     </span>
     <span class='ocr_line' id='line_1_12' title="bbox 386 1641 1450 1716; baseline -0.007 -15"><span class='ocrx_word' id='word_1_78' title='bbox 386 1664 418 1701; x_wconf 82' lang='lat' dir='ltr'><strong>ea</strong></span> <span class='ocrx_word' id='word_1_79' title='bbox 434 1665 499 1700; x_wconf 89' lang='lat' dir='ltr'><strong>auro</strong></span> <span class='ocrx_word' id='word_1_80' title='bbox 511 1644 644 1715; x_wconf 86' lang='lat' dir='ltr'><strong>intelligit.</strong></span> <span class='ocrx_word' id='word_1_81' title='bbox 658 1644 750 1699; x_wconf 84' lang='lat' dir='ltr'><strong>Haan.</strong></span> <span class='ocrx_word' id='word_1_82' title='bbox 934 1645 1012 1716; x_wconf 84' lang='lat' dir='ltr'><strong>plebe</strong></span> <span class='ocrx_word' id='word_1_83' title='bbox 1020 1644 1115 1716; x_wconf 89' lang='lat' dir='ltr'><strong>inope:</strong></span> <span class='ocrx_word' id='word_1_84' title='bbox 1126 1644 1213 1715; x_wconf 88' lang='lat' dir='ltr'><strong>itaque</strong></span> <span class='ocrx_word' id='word_1_85' title='bbox 1224 1641 1344 1696; x_wconf 88' lang='lat' dir='ltr'><strong>medium</strong></span> <span class='ocrx_word' id='word_1_86' title='bbox 1355 1660 1450 1713; x_wconf 90' lang='lat' dir='ltr'><strong>qnem-</strong></span> 
     </span>
     <span class='ocr_line' id='line_1_13' title="bbox 426 1723 1451 1796; baseline -0.006 -15"><span class='ocrx_word' id='word_1_87' title='bbox 426 1744 473 1781; x_wconf 84' lang='grc' dir='ltr'><strong>ιι.</strong></span> <span class='ocrx_word' id='word_1_88' title='bbox 487 1726 621 1779; x_wconf 84' lang='lat' dir='ltr'><strong>Etinserta</strong></span> <span class='ocrx_word' id='word_1_89' title='bbox 635 1727 822 1795; x_wconf 71' lang='lat' dir='ltr'><strong>margaritarum</strong></span> <span class='ocrx_word' id='word_1_90' title='bbox 832 1742 895 1794; x_wconf 84' lang='lat' dir='ltr'><strong>port·</strong></span> <span class='ocrx_word' id='word_1_91' title='bbox 936 1723 999 1778; x_wconf 87' lang='lat' dir='ltr'><strong>dam</strong></span> <span class='ocrx_word' id='word_1_92' title='bbox 1017 1736 1043 1777; x_wconf 88' lang='lat' dir='ltr'><strong>et</strong></span> <span class='ocrx_word' id='word_1_93' title='bbox 1061 1723 1145 1776; x_wconf 79' lang='lat' dir='ltr'><strong>veluti</strong></span> <span class='ocrx_word' id='word_1_94' title='bbox 1172 1734 1319 1796; x_wconf 83' lang='lat' dir='ltr'><strong>equestrem</strong></span> <span class='ocrx_word' id='word_1_95' title='bbox 1340 1723 1451 1775; x_wconf 82' lang='lat' dir='ltr'><strong>femina·</strong></span> 
     </span>
     <span class='ocr_line' id='line_1_14' title="bbox 384 1800 1451 1875; baseline -0.005 -15"><span class='ocrx_word' id='word_1_96' title='bbox 384 1806 443 1861; x_wconf 74' lang='lat' dir='ltr'><strong>dem</strong></span> <span class='ocrx_word' id='word_1_97' title='bbox 465 1824 479 1859; x_wconf 87' lang='lat' dir='ltr'><strong>e</strong></span> <span class='ocrx_word' id='word_1_98' title='bbox 503 1804 565 1858; x_wconf 83' lang='lat' dir='ltr'><strong>calla</strong></span> <span class='ocrx_word' id='word_1_99' title='bbox 583 1802 732 1857; x_wconf 84' lang='lat' dir='ltr'><strong>dominarum</strong></span> <span class='ocrx_word' id='word_1_100' title='bbox 755 1822 815 1855; x_wconf 86' lang='lat' dir='ltr'><strong>auro</strong></span> <span class='ocrx_word' id='word_1_101' title='bbox 834 1822 895 1875; x_wconf 85' lang='lat' dir='ltr'><strong>pen·</strong></span> <span class='ocrx_word' id='word_1_102' title='bbox 935 1803 995 1858; x_wconf 82' lang='lat' dir='ltr'><strong>riam</strong></span> <span class='ocrx_word' id='word_1_103' title='bbox 1006 1800 1127 1857; x_wconf 88' lang='lat' dir='ltr'><strong>ordinem</strong></span> <span class='ocrx_word' id='word_1_104' title='bbox 1138 1803 1258 1856; x_wconf 81' lang='lat' dir='ltr'><strong>iaciebat.</strong></span> <span class='ocrx_word' id='word_1_105' title='bbox 1268 1803 1451 1856; x_wconf 82' lang='lat' dir='ltr'><strong>Careealeeo·</strong></span> 
     </span>
     <span class='ocr_line' id='line_1_15' title="bbox 383 1881 1450 1955; baseline -0.004 -16"><span class='ocrx_word' id='word_1_106' title='bbox 383 1887 472 1951; x_wconf 61' lang='lat' dir='ltr'><strong>hant,</strong></span> <span class='ocrx_word' id='word_1_107' title='bbox 490 1898 518 1938; x_wconf 90' lang='lat' dir='ltr'><strong>ut</strong></span> <span class='ocrx_word' id='word_1_108' title='bbox 535 1887 561 1936; x_wconf 89' lang='lat' dir='ltr'><strong>ia</strong></span> <span class='ocrx_word' id='word_1_109' title='bbox 575 1902 657 1936; x_wconf 84' lang='lat' dir='ltr'><strong>samaa</strong></span> <span class='ocrx_word' id='word_1_110' title='bbox 675 1904 765 1955; x_wconf 85' lang='lat' dir='ltr'><strong>quoque</strong></span> <span class='ocrx_word' id='word_1_111' title='bbox 782 1886 894 1935; x_wconf 67' lang='lat' dir='ltr'><strong>ammaum</strong></span> <span class='ocrx_word' id='word_1_112' title='bbox 935 1902 998 1938; x_wconf 86' lang='lat' dir='ltr'><strong>rum</strong></span> <span class='ocrx_word' id='word_1_113' title='bbox 1007 1894 1131 1937; x_wconf 87' lang='lat' dir='ltr'><strong>ornatum</strong></span> <span class='ocrx_word' id='word_1_114' title='bbox 1141 1883 1204 1935; x_wconf 90' lang='lat' dir='ltr'><strong>hinc</strong></span> <span class='ocrx_word' id='word_1_115' title='bbox 1213 1881 1319 1951; x_wconf 88' lang='lat' dir='ltr'><strong>colligas</strong></span> <span class='ocrx_word' id='word_1_116' title='bbox 1331 1882 1359 1934; x_wconf 88' lang='lat' dir='ltr'><strong>in</strong></span> <span class='ocrx_word' id='word_1_117' title='bbox 1370 1882 1450 1935; x_wconf 78' lang='lat' dir='ltr'><strong>lemi-</strong></span> 
     </span>
     <span class='ocr_line' id='line_1_16' title="bbox 384 1960 1448 2035; baseline -0.006 -16"><span class='ocrx_word' id='word_1_118' title='bbox 384 1968 527 2019; x_wconf 79' lang='lat' dir='ltr'><strong>eoaser&#39;erttia</strong></span> <span class='ocrx_word' id='word_1_119' title='bbox 549 1964 621 2016; x_wconf 82' lang='lat' dir='ltr'><strong>adsit.</strong></span> <span class='ocrx_word' id='word_1_120' title='bbox 647 1964 678 2015; x_wconf 89' lang='lat' dir='ltr'><strong>In</strong></span> <span class='ocrx_word' id='word_1_121' title='bbox 700 1964 765 2035; x_wconf 81' lang='lat' dir='ltr'><strong>Reg.</strong></span> <span class='ocrx_word' id='word_1_122' title='bbox 792 1983 806 2015; x_wconf 85' lang='lat' dir='ltr'><strong>a</strong></span> <span class='ocrx_word' id='word_1_123' title='bbox 832 1960 893 2017; x_wconf 90' lang='lat' dir='ltr'><strong>eod.</strong></span> <span class='ocrx_word' id='word_1_124' title='bbox 936 1964 978 2018; x_wconf 88' lang='lat' dir='ltr'><strong>nis</strong></span> <span class='ocrx_word' id='word_1_125' title='bbox 993 1962 1122 2035; x_wconf 90' lang='lat' dir='ltr'><strong>equestris</strong></span> <span class='ocrx_word' id='word_1_126' title='bbox 1135 1962 1238 2015; x_wconf 85' lang='lat' dir='ltr'><strong>ordinis</strong></span> <span class='ocrx_word' id='word_1_127' title='bbox 1252 1962 1325 2015; x_wconf 87' lang='lat' dir='ltr'><strong>buno</strong></span> <span class='ocrx_word' id='word_1_128' title='bbox 1341 1962 1448 2014; x_wconf 80' lang='lat' dir='ltr'><strong>faisse:</strong></span> 
     </span>
     <span class='ocr_line' id='line_1_17' title="bbox 387 2040 1451 2108; baseline -0.005 -10"><span class='ocrx_word' id='word_1_129' title='bbox 387 2056 415 2099; x_wconf 85' lang='lat' dir='ltr'><strong>ut</strong></span> <span class='ocrx_word' id='word_1_130' title='bbox 429 2050 454 2098; x_wconf 83' lang='lat' dir='ltr'><strong>r&#39;rr</strong></span> <span class='ocrx_word' id='word_1_131' title='bbox 470 2062 561 2108; x_wconf 82' lang='lat' dir='ltr'><strong>samua,</strong></span> <span class='ocrx_word' id='word_1_132' title='bbox 572 2042 652 2097; x_wconf 73' lang='lat' dir='ltr'><strong>tinius</strong></span> <span class='ocrx_word' id='word_1_133' title='bbox 666 2042 791 2096; x_wconf 68' lang='lat' dir='ltr'><strong>litterula</strong></span> <span class='ocrx_word' id='word_1_134' title='bbox 802 2040 896 2096; x_wconf 79' lang='lat' dir='ltr'><strong>discri-</strong></span> <span class='ocrx_word' id='word_1_135' title='bbox 937 2062 992 2097; x_wconf 90' lang='lat' dir='ltr'><strong>uon</strong></span> <span class='ocrx_word' id='word_1_136' title='bbox 1012 2062 1041 2096; x_wconf 89' lang='lat' dir='ltr'><strong>ea</strong></span> <span class='ocrx_word' id='word_1_137' title='bbox 1059 2042 1140 2096; x_wconf 79' lang='lat' dir='ltr'><strong>Plinii</strong></span> <span class='ocrx_word' id='word_1_138' title='bbox 1158 2040 1287 2095; x_wconf 87' lang='lat' dir='ltr'><strong>sententia</strong></span> <span class='ocrx_word' id='word_1_139' title='bbox 1307 2053 1365 2095; x_wconf 83' lang='lat' dir='ltr'><strong>est:</strong></span> <span class='ocrx_word' id='word_1_140' title='bbox 1384 2058 1451 2093; x_wconf 86' lang='lat' dir='ltr'><strong>nam</strong></span> 
     </span>
     <span class='ocr_line' id='line_1_18' title="bbox 385 2121 1451 2195; baseline -0.006 -17"><span class='ocrx_word' id='word_1_141' title='bbox 385 2125 469 2191; x_wconf 90' lang='lat' dir='ltr'><strong>mine,</strong></span> <span class='ocrx_word' id='word_1_142' title='bbox 486 2122 531 2177; x_wconf 88' lang='lat' dir='ltr'><strong>sed</strong></span> <span class='ocrx_word' id='word_1_143' title='bbox 545 2140 634 2176; x_wconf 88' lang='lat' dir='ltr'><strong>errore</strong></span> <span class='ocrx_word' id='word_1_144' title='bbox 647 2122 757 2175; x_wconf 88' lang='lat' dir='ltr'><strong>minime</strong></span> <span class='ocrx_word' id='word_1_145' title='bbox 772 2123 895 2176; x_wconf 80' lang='lat' dir='ltr'><strong>obscuro.</strong></span> <span class='ocrx_word' id='word_1_146' title='bbox 937 2123 1066 2195; x_wconf 84' lang='lat' dir='ltr'><strong>equestris</strong></span> <span class='ocrx_word' id='word_1_147' title='bbox 1078 2121 1180 2176; x_wconf 87' lang='lat' dir='ltr'><strong>ordinis</strong></span> <span class='ocrx_word' id='word_1_148' title='bbox 1197 2133 1325 2175; x_wconf 80' lang='lat' dir='ltr'><strong>matronae</strong></span> <span class='ocrx_word' id='word_1_149' title='bbox 1342 2132 1370 2173; x_wconf 88' lang='lat' dir='ltr'><strong>et</strong></span> <span class='ocrx_word' id='word_1_150' title='bbox 1383 2122 1451 2192; x_wconf 79' lang='lat' dir='ltr'><strong>ipsas</strong></span> 
     </span>
     <span class='ocr_line' id='line_1_19' title="bbox 386 2201 1451 2274; baseline -0.005 -15"><span class='ocrx_word' id='word_1_151' title='bbox 386 2203 459 2269; x_wconf 82' lang='lat' dir='ltr'><strong>Atii,</strong></span> <span class='ocrx_word' id='word_1_152' title='bbox 473 2230 485 2252; x_wconf 75' lang='grc' dir='ltr'><strong>ι</strong></span> <span class='ocrx_word' id='word_1_153' title='bbox 501 2216 530 2257; x_wconf 86' lang='lat' dir='ltr'><strong>ut</strong></span> <span class='ocrx_word' id='word_1_154' title='bbox 549 2202 578 2254; x_wconf 89' lang='lat' dir='ltr'><strong>in</strong></span> <span class='ocrx_word' id='word_1_155' title='bbox 589 2220 682 2255; x_wconf 89' lang='lat' dir='ltr'><strong>somno</strong></span> <span class='ocrx_word' id='word_1_156' title='bbox 693 2221 816 2274; x_wconf 88' lang='lat' dir='ltr'><strong>quoque,</strong></span> <span class='ocrx_word' id='word_1_157' title='bbox 826 2215 893 2256; x_wconf 82' lang='lat' dir='ltr'><strong>etc.»</strong></span> <span class='ocrx_word' id='word_1_158' title='bbox 938 2204 1017 2274; x_wconf 91' lang='lat' dir='ltr'><strong>longa</strong></span> <span class='ocrx_word' id='word_1_159' title='bbox 1029 2216 1115 2267; x_wconf 82' lang='lat' dir='ltr'><strong>veste,</strong></span> <span class='ocrx_word' id='word_1_160' title='bbox 1135 2202 1188 2254; x_wconf 89' lang='lat' dir='ltr'><strong>hoc</strong></span> <span class='ocrx_word' id='word_1_161' title='bbox 1201 2214 1256 2270; x_wconf 88' lang='lat' dir='ltr'><strong>est,</strong></span> <span class='ocrx_word' id='word_1_162' title='bbox 1272 2201 1338 2255; x_wconf 88' lang='lat' dir='ltr'><strong>stola</strong></span> <span class='ocrx_word' id='word_1_163' title='bbox 1350 2214 1451 2254; x_wconf 82' lang='lat' dir='ltr'><strong>matro-</strong></span> 
     </span>
     <span class='ocr_line' id='line_1_20' title="bbox 387 2281 1452 2355; baseline -0.003 -18"><span class='ocrx_word' id='word_1_164' title='bbox 387 2284 422 2337; x_wconf 84' lang='lat' dir='ltr'><strong>Et</strong></span> <span class='ocrx_word' id='word_1_165' title='bbox 436 2282 526 2355; x_wconf 87' lang='lat' dir='ltr'><strong>prius,</strong></span> <span class='ocrx_word' id='word_1_166' title='bbox 553 2308 565 2329; x_wconf 83' lang='grc' dir='ltr'><strong>ι</strong></span> <span class='ocrx_word' id='word_1_167' title='bbox 575 2282 672 2336; x_wconf 87' lang='lat' dir='ltr'><strong>inserta</strong></span> <span class='ocrx_word' id='word_1_168' title='bbox 695 2281 898 2353; x_wconf 73' lang='lat' dir='ltr'><strong>margaritarum</strong></span> <span class='ocrx_word' id='word_1_169' title='bbox 939 2284 994 2336; x_wconf 88' lang='lat' dir='ltr'><strong>nali</strong></span> <span class='ocrx_word' id='word_1_170' title='bbox 1005 2300 1068 2335; x_wconf 78' lang='lat' dir='ltr'><strong>usm.</strong></span> <span class='ocrx_word' id='word_1_171' title='bbox 1083 2282 1122 2335; x_wconf 80' lang='lat' dir='ltr'><strong>At</strong></span> <span class='ocrx_word' id='word_1_172' title='bbox 1135 2282 1280 2347; x_wconf 81' lang='lat' dir='ltr'><strong>libertinae,</strong></span> <span class='ocrx_word' id='word_1_173' title='bbox 1299 2281 1452 2353; x_wconf 85' lang='lat' dir='ltr'><strong>quibusque</strong></span> 
     </span>
     <span class='ocr_line' id='line_1_21' title="bbox 386 2360 1453 2433; baseline -0.003 -18"><span class='ocrx_word' id='word_1_174' title='bbox 386 2361 523 2433; x_wconf 85' lang='lat' dir='ltr'><strong>pondera,</strong></span> <span class='ocrx_word' id='word_1_175' title='bbox 536 2386 548 2409; x_wconf 82' lang='grc' dir='ltr'><strong>ι</strong></span> <span class='ocrx_word' id='word_1_176' title='bbox 564 2362 663 2414; x_wconf 87' lang='lat' dir='ltr'><strong>habent</strong></span> <span class='ocrx_word' id='word_1_177' title='bbox 675 2362 753 2415; x_wconf 82' lang='lat' dir='ltr'><strong>MSS.</strong></span> <span class='ocrx_word' id='word_1_178' title='bbox 766 2380 859 2415; x_wconf 86' lang='lat' dir='ltr'><strong>omnes</strong></span> <span class='ocrx_word' id='word_1_179' title='bbox 871 2373 899 2414; x_wconf 86' lang='lat' dir='ltr'><strong>et</strong></span> <span class='ocrx_word' id='word_1_180' title='bbox 939 2365 1033 2417; x_wconf 82' lang='lat' dir='ltr'><strong>Venus</strong></span> <span class='ocrx_word' id='word_1_181' title='bbox 1046 2382 1101 2415; x_wconf 91' lang='lat' dir='ltr'><strong>non</strong></span> <span class='ocrx_word' id='word_1_182' title='bbox 1118 2360 1298 2432; x_wconf 86' lang='lat' dir='ltr'><strong>impermissa,</strong></span> <span class='ocrx_word' id='word_1_183' title='bbox 1314 2379 1397 2431; x_wconf 88' lang='lat' dir='ltr'><strong>quum</strong></span> <span class='ocrx_word' id='word_1_184' title='bbox 1410 2360 1453 2413; x_wconf 86' lang='lat' dir='ltr'><strong>al·</strong></span> 
     </span>
     <span class='ocr_line' id='line_1_22' title="bbox 386 2438 1454 2513; baseline -0.003 -17"><span class='ocrx_word' id='word_1_185' title='bbox 386 2454 496 2496; x_wconf 79' lang='lat' dir='ltr'><strong>vetustae</strong></span> <span class='ocrx_word' id='word_1_186' title='bbox 509 2439 656 2504; x_wconf 85' lang='lat' dir='ltr'><strong>editiones;</strong></span> <span class='ocrx_word' id='word_1_187' title='bbox 674 2458 744 2505; x_wconf 89' lang='lat' dir='ltr'><strong>non,</strong></span> <span class='ocrx_word' id='word_1_188' title='bbox 761 2453 793 2494; x_wconf 86' lang='lat' dir='ltr'><strong>ut</strong></span> <span class='ocrx_word' id='word_1_189' title='bbox 811 2438 898 2495; x_wconf 83' lang='lat' dir='ltr'><strong>codex</strong></span> <span class='ocrx_word' id='word_1_190' title='bbox 939 2442 993 2495; x_wconf 87' lang='lat' dir='ltr'><strong>tius</strong></span> <span class='ocrx_word' id='word_1_191' title='bbox 1016 2442 1117 2495; x_wconf 85' lang='lat' dir='ltr'><strong>tunicas</strong></span> <span class='ocrx_word' id='word_1_192' title='bbox 1144 2442 1345 2513; x_wconf 73' lang='lat' dir='ltr'><strong>succingerent,</strong></span> <span class='ocrx_word' id='word_1_193' title='bbox 1365 2452 1396 2493; x_wconf 89' lang='lat' dir='ltr'><strong>ut</strong></span> <span class='ocrx_word' id='word_1_194' title='bbox 1416 2458 1454 2494; x_wconf 88' lang='lat' dir='ltr'><strong>ex</strong></span> 
     </span>
     <span class='ocr_line' id='line_1_23' title="bbox 386 2519 1455 2593; baseline -0.003 -17"><span class='ocrx_word' id='word_1_195' title='bbox 386 2519 504 2576; x_wconf 87' lang='lat' dir='ltr'><strong>Pintiani</strong></span> <span class='ocrx_word' id='word_1_196' title='bbox 524 2519 699 2591; x_wconf 88' lang='lat' dir='ltr'><strong>interpolatus</strong></span> <span class='ocrx_word' id='word_1_197' title='bbox 719 2520 816 2586; x_wconf 87' lang='lat' dir='ltr'><strong>habet,</strong></span> <span class='ocrx_word' id='word_1_198' title='bbox 840 2546 853 2569; x_wconf 78' lang='grc' dir='ltr'><strong>ι</strong></span> <span class='ocrx_word' id='word_1_199' title='bbox 868 2521 898 2574; x_wconf 88' lang='lat' dir='ltr'><strong>in</strong></span> <span class='ocrx_word' id='word_1_200' title='bbox 940 2520 1041 2575; x_wconf 82' lang='lat' dir='ltr'><strong>ovtdto</strong></span> <span class='ocrx_word' id='word_1_201' title='bbox 1057 2534 1084 2576; x_wconf 91' lang='lat' dir='ltr'><strong>et</strong></span> <span class='ocrx_word' id='word_1_202' title='bbox 1096 2521 1155 2575; x_wconf 87' lang='lat' dir='ltr'><strong>aliis</strong></span> <span class='ocrx_word' id='word_1_203' title='bbox 1164 2520 1340 2593; x_wconf 87' lang='lat' dir='ltr'><strong>scriptoribus</strong></span> <span class='ocrx_word' id='word_1_204' title='bbox 1350 2520 1435 2591; x_wconf 87' lang='lat' dir='ltr'><strong>liquet</strong></span> <span class='ocrx_word' id='word_1_205' title='bbox 1444 2554 1455 2584; x_wconf 87' lang='lat'><strong>‚</strong></span> 
     </span>
     <span class='ocr_line' id='line_1_24' title="bbox 387 2598 1454 2673; baseline -0.004 -17"><span class='ocrx_word' id='word_1_206' title='bbox 387 2613 488 2656; x_wconf 84' lang='lat' dir='ltr'><strong>secreto</strong></span> <span class='ocrx_word' id='word_1_207' title='bbox 519 2600 720 2671; x_wconf 71' lang='lat' dir='ltr'><strong>margaritarum</strong></span> <span class='ocrx_word' id='word_1_208' title='bbox 747 2601 863 2666; x_wconf 75' lang='lat' dir='ltr'><strong>saeculi3</strong></span> <span class='ocrx_word' id='word_1_209' title='bbox 882 2626 895 2649; x_wconf 75' lang='grc' dir='ltr'><strong>ι</strong></span> <span class='ocrx_word' id='word_1_210' title='bbox 939 2600 1021 2673; x_wconf 81' lang='lat' dir='ltr'><strong>pedes</strong></span> <span class='ocrx_word' id='word_1_211' title='bbox 1039 2598 1253 2656; x_wconf 72' lang='lat' dir='ltr'><strong>circulis&#39;aureis</strong></span> <span class='ocrx_word' id='word_1_212' title='bbox 1267 2601 1454 2654; x_wconf 85' lang='lat' dir='ltr'><strong>cultososten-</strong></span> 
     </span>
     <span class='ocr_line' id='line_1_25' title="bbox 388 2677 1454 2752; baseline -0.001 -19"><span class='ocrx_word' id='word_1_213' title='bbox 388 2698 449 2752; x_wconf 81' lang='lat' dir='ltr'><strong>quta</strong></span> <span class='ocrx_word' id='word_1_214' title='bbox 469 2691 606 2752; x_wconf 84' lang='lat' dir='ltr'><strong>postrema</strong></span> <span class='ocrx_word' id='word_1_215' title='bbox 622 2697 674 2730; x_wconf 81' lang='lat' dir='ltr'><strong>vox</strong></span> <span class='ocrx_word' id='word_1_216' title='bbox 695 2677 826 2748; x_wconf 85' lang='lat' dir='ltr'><strong>glossema</strong></span> <span class='ocrx_word' id='word_1_217' title='bbox 845 2692 899 2744; x_wconf 83' lang='lat' dir='ltr'><strong>est,</strong></span> <span class='ocrx_word' id='word_1_218' title='bbox 940 2683 1041 2735; x_wconf 87' lang='lat' dir='ltr'><strong>tabant.</strong></span> <span class='ocrx_word' id='word_1_219' title='bbox 1062 2683 1104 2733; x_wconf 85' lang='lat' dir='ltr'><strong>Ita</strong></span> <span class='ocrx_word' id='word_1_220' title='bbox 1121 2682 1224 2752; x_wconf 80' lang='lat' dir='ltr'><strong>egregie</strong></span> <span class='ocrx_word' id='word_1_221' title='bbox 1244 2680 1397 2745; x_wconf 84' lang='lat' dir='ltr'><strong>Ferrarius,</strong></span> <span class='ocrx_word' id='word_1_222' title='bbox 1416 2678 1454 2732; x_wconf 90' lang='lat' dir='ltr'><strong>de</strong></span> 
     </span>
     <span class='ocr_line' id='line_1_26' title="bbox 305 2757 1453 2830; baseline -0.001 -17"><span class='ocrx_word' id='word_1_223' title='bbox 305 2779 307 2784; x_wconf 85' lang='lat'><em>·</em></span> <span class='ocrx_word' id='word_1_224' title='bbox 389 2759 450 2813; x_wconf 85' lang='lat' dir='ltr'><strong>loeo</strong></span> <span class='ocrx_word' id='word_1_225' title='bbox 462 2757 535 2812; x_wconf 80' lang='lat' dir='ltr'><strong>vocis</strong></span> <span class='ocrx_word' id='word_1_226' title='bbox 547 2757 727 2828; x_wconf 68' lang='lat' dir='ltr'><strong>primigenia,</strong></span> <span class='ocrx_word' id='word_1_227' title='bbox 736 2757 854 2829; x_wconf 81' lang='lat' dir='ltr'><strong>pandera.</strong></span> <span class='ocrx_word' id='word_1_228' title='bbox 864 2759 899 2812; x_wconf 84' lang='grc' dir='ltr'><strong>Η.</strong></span> <span class='ocrx_word' id='word_1_229' title='bbox 941 2763 980 2820; x_wconf 80' lang='lat' dir='ltr'><strong>lle</strong></span> <span class='ocrx_word' id='word_1_230' title='bbox 991 2761 1061 2814; x_wconf 83' lang='lat' dir='ltr'><strong>Vest.</strong></span> <span class='ocrx_word' id='word_1_231' title='bbox 1070 2761 1118 2813; x_wconf 90' lang='lat' dir='ltr'><strong>lib.</strong></span> <span class='ocrx_word' id='word_1_232' title='bbox 1131 2761 1190 2825; x_wconf 90' lang='lat'><strong>111,</strong></span> <span class='ocrx_word' id='word_1_233' title='bbox 1204 2781 1227 2813; x_wconf 83' lang='lat' dir='ltr'><strong>r..</strong></span> <span class='ocrx_word' id='word_1_234' title='bbox 1238 2777 1284 2830; x_wconf 87' lang='lat'><strong>17,</strong></span> <span class='ocrx_word' id='word_1_235' title='bbox 1297 2778 1324 2830; x_wconf 91' lang='lat' dir='ltr'><strong>p.</strong></span> <span class='ocrx_word' id='word_1_236' title='bbox 1337 2777 1400 2830; x_wconf 83' lang='lat'>²²7·</span> <span class='ocrx_word' id='word_1_237' title='bbox 1414 2758 1453 2812; x_wconf 89' lang='grc' dir='ltr'><strong>Η.</strong></span> 
     </span>
     <span class='ocr_line' id='line_1_27' title="bbox 388 2837 1454 2910; baseline 0 -19"><span class='ocrx_word' id='word_1_238' title='bbox 388 2871 429 2883; x_wconf 89' lang='grc'><strong>-</strong></span> <span class='ocrx_word' id='word_1_239' title='bbox 438 2839 477 2891; x_wconf 80' lang='lat' dir='ltr'><strong>Et</strong></span> <span class='ocrx_word' id='word_1_240' title='bbox 486 2842 576 2889; x_wconf 82' lang='lat' dir='ltr'><strong>inserta</strong></span> <span class='ocrx_word' id='word_1_241' title='bbox 586 2839 773 2905; x_wconf 80' lang='lat' dir='ltr'><strong>margaritarum</strong></span> <span class='ocrx_word' id='word_1_242' title='bbox 781 2838 899 2908; x_wconf 79' lang='lat' dir='ltr'><strong>pandera.</strong></span> <span class='ocrx_word' id='word_1_243' title='bbox 984 2840 1026 2893; x_wconf 81' lang='lat'><strong>15.</strong></span> <span class='ocrx_word' id='word_1_244' title='bbox 1038 2839 1202 2910; x_wconf 81' lang='lat' dir='ltr'><strong>Poedagagiis.</strong></span> <span class='ocrx_word' id='word_1_245' title='bbox 1220 2839 1367 2892; x_wconf 85' lang='lat' dir='ltr'><strong>Puerorum</strong></span> <span class='ocrx_word' id='word_1_246' title='bbox 1385 2837 1454 2891; x_wconf 84' lang='lat' dir='ltr'><strong>edu-</strong></span> 
     </span>
     <span class='ocr_line' id='line_1_28' title="bbox 388 2913 1454 2991; baseline -0.002 -20"><span class='ocrx_word' id='word_1_247' title='bbox 388 2919 463 2971; x_wconf 85' lang='lat' dir='ltr'><strong>Brot.</strong></span> <span class='ocrx_word' id='word_1_248' title='bbox 479 2935 511 2970; x_wconf 83' lang='lat' dir='ltr'><strong>ex</strong></span> <span class='ocrx_word' id='word_1_249' title='bbox 524 2915 602 2968; x_wconf 84' lang='lat' dir='ltr'><strong>MSS.</strong></span> <span class='ocrx_word' id='word_1_250' title='bbox 618 2913 701 2986; x_wconf 81' lang='lat' dir='ltr'><strong>llegg.</strong></span> <span class='ocrx_word' id='word_1_251' title='bbox 718 2938 749 2976; x_wconf 85' lang='lat' dir='ltr'><strong>a,</strong></span> <span class='ocrx_word' id='word_1_252' title='bbox 763 2915 801 2983; x_wconf 83' lang='grc'><strong>3,</strong></span> <span class='ocrx_word' id='word_1_253' title='bbox 815 2930 842 2971; x_wconf 89' lang='lat' dir='ltr'><strong>et</strong></span> <span class='ocrx_word' id='word_1_254' title='bbox 856 2917 899 2971; x_wconf 87' lang='lat' dir='ltr'><strong>ed.</strong></span> <span class='ocrx_word' id='word_1_255' title='bbox 942 2918 1040 2973; x_wconf 83' lang='lat' dir='ltr'><strong>cationi</strong></span> <span class='ocrx_word' id='word_1_256' title='bbox 1059 2936 1066 2972; x_wconf 75' lang='grc' dir='ltr'><strong><em>ε</em></strong></span> <span class='ocrx_word' id='word_1_257' title='bbox 1085 2921 1131 2991; x_wconf 90' lang='lat' dir='ltr'><strong>qni</strong></span> <span class='ocrx_word' id='word_1_258' title='bbox 1149 2919 1233 2974; x_wconf 89' lang='lat' dir='ltr'><strong>bullas</strong></span> <span class='ocrx_word' id='word_1_259' title='bbox 1249 2937 1341 2972; x_wconf 85' lang='lat' dir='ltr'><strong>aureas</strong></span> <span class='ocrx_word' id='word_1_260' title='bbox 1355 2937 1370 2971; x_wconf 85' lang='lat' dir='ltr'><strong>e</strong></span> <span class='ocrx_word' id='word_1_261' title='bbox 1382 2919 1454 2971; x_wconf 88' lang='lat' dir='ltr'><strong>collo</strong></span> 
     </span>
     <span class='ocr_line' id='line_1_29' title="bbox 388 2995 1454 3070; baseline 0 -20"><span class='ocrx_word' id='word_1_262' title='bbox 388 2996 529 3069; x_wconf 83' lang='lat' dir='ltr'><strong>principe,</strong></span> <span class='ocrx_word' id='word_1_263' title='bbox 548 3021 560 3042; x_wconf 80' lang='grc' dir='ltr'><strong>ι</strong></span> <span class='ocrx_word' id='word_1_264' title='bbox 575 3005 602 3048; x_wconf 87' lang='lat' dir='ltr'><strong>et</strong></span> <span class='ocrx_word' id='word_1_265' title='bbox 615 2995 644 3049; x_wconf 89' lang='lat' dir='ltr'><strong>ia</strong></span> <span class='ocrx_word' id='word_1_266' title='bbox 658 3009 758 3050; x_wconf 86' lang='lat' dir='ltr'><strong>secreto</strong></span> <span class='ocrx_word' id='word_1_267' title='bbox 771 2997 900 3068; x_wconf 76' lang='lat' dir='ltr'><strong>margati·</strong></span> <span class='ocrx_word' id='word_1_268' title='bbox 943 3017 1081 3069; x_wconf 83' lang='lat' dir='ltr'><strong>suspensas</strong></span> <span class='ocrx_word' id='word_1_269' title='bbox 1117 3000 1263 3070; x_wconf 85' lang='lat' dir='ltr'><strong>gestabant.</strong></span> <span class='ocrx_word' id='word_1_270' title='bbox 1298 2998 1454 3069; x_wconf 79' lang='lat' dir='ltr'><strong>Padagogia</strong></span> 
     </span>
     <span class='ocr_line' id='line_1_30' title="bbox 389 3073 1457 3150; baseline 0.001 -20"><span class='ocrx_word' id='word_1_271' title='bbox 389 3085 478 3130; x_wconf 84' lang='lat' dir='ltr'><strong>tarum</strong></span> <span class='ocrx_word' id='word_1_272' title='bbox 502 3073 598 3130; x_wconf 86' lang='lat' dir='ltr'><strong>sacculi</strong></span> <span class='ocrx_word' id='word_1_273' title='bbox 612 3101 624 3123; x_wconf 71' lang='lat' dir='ltr'>n</span> <span class='ocrx_word' id='word_1_274' title='bbox 637 3114 645 3140; x_wconf 94' lang='lat'><strong>,</strong></span> <span class='ocrx_word' id='word_1_275' title='bbox 659 3075 710 3127; x_wconf 88' lang='lat' dir='ltr'><strong>boo</strong></span> <span class='ocrx_word' id='word_1_276' title='bbox 735 3087 792 3139; x_wconf 87' lang='lat' dir='ltr'><strong>est,</strong></span> <span class='ocrx_word' id='word_1_277' title='bbox 813 3077 841 3128; x_wconf 89' lang='lat' dir='ltr'><strong>in</strong></span> <span class='ocrx_word' id='word_1_278' title='bbox 861 3095 901 3130; x_wconf 85' lang='lat' dir='ltr'><strong>se·</strong></span> <span class='ocrx_word' id='word_1_279' title='bbox 941 3078 1019 3150; x_wconf 83' lang='lat' dir='ltr'><strong>pueri</strong></span> <span class='ocrx_word' id='word_1_280' title='bbox 1033 3077 1172 3144; x_wconf 88' lang='lat' dir='ltr'><strong>dicuntur,</strong></span> <span class='ocrx_word' id='word_1_281' title='bbox 1189 3078 1235 3150; x_wconf 88' lang='lat' dir='ltr'><strong>qui</strong></span> <span class='ocrx_word' id='word_1_282' title='bbox 1249 3077 1277 3130; x_wconf 89' lang='lat' dir='ltr'><strong>in</strong></span> <span class='ocrx_word' id='word_1_283' title='bbox 1289 3078 1390 3131; x_wconf 84' lang='lat' dir='ltr'><strong>deliciis</strong></span> <span class='ocrx_word' id='word_1_284' title='bbox 1404 3079 1457 3131; x_wconf 87' lang='lat' dir='ltr'><strong>ba·</strong></span> 
     </span>
     <span class='ocr_line' id='line_1_31' title="bbox 389 3153 1454 3230; baseline 0 -20"><span class='ocrx_word' id='word_1_285' title='bbox 389 3153 900 3228; x_wconf 78' lang='lat' dir='ltr'><strong>eretioribosaedibusdormitoriisque;</strong></span> <span class='ocrx_word' id='word_1_286' title='bbox 942 3159 1055 3222; x_wconf 88' lang='lat' dir='ltr'><strong>beatur,</strong></span> <span class='ocrx_word' id='word_1_287' title='bbox 1074 3159 1117 3212; x_wconf 82' lang='lat' dir='ltr'><strong>vel</strong></span> <span class='ocrx_word' id='word_1_288' title='bbox 1137 3175 1283 3230; x_wconf 88' lang='lat' dir='ltr'><strong>puerorum</strong></span> <span class='ocrx_word' id='word_1_289' title='bbox 1298 3156 1454 3210; x_wconf 89' lang='lat' dir='ltr'><strong>multitudo.</strong></span> 
     </span>
     <span class='ocr_line' id='line_1_32' title="bbox 390 3233 1456 3310; baseline -0.001 -20"><span class='ocrx_word' id='word_1_290' title='bbox 390 3235 517 3290; x_wconf 75' lang='lat' dir='ltr'><strong>utstatim</strong></span> <span class='ocrx_word' id='word_1_291' title='bbox 533 3253 609 3300; x_wconf 87' lang='lat' dir='ltr'><strong>mox,</strong></span> <span class='ocrx_word' id='word_1_292' title='bbox 629 3235 677 3288; x_wconf 78' lang='lat' dir='ltr'><strong>-ia</strong></span> <span class='ocrx_word' id='word_1_293' title='bbox 692 3235 762 3288; x_wconf 82' lang='lat' dir='ltr'><strong>eollo</strong></span> <span class='ocrx_word' id='word_1_294' title='bbox 777 3233 900 3291; x_wconf 84' lang='lat' dir='ltr'><strong>domina·</strong></span> <span class='ocrx_word' id='word_1_295' title='bbox 942 3237 1011 3290; x_wconf 83' lang='lat' dir='ltr'><strong>Dar..</strong></span> <span class='ocrx_word' id='word_1_296' title='bbox 1026 3239 1239 3309; x_wconf 75' lang='lat' dir='ltr'><strong>-Paedagogiia</strong></span> <span class='ocrx_word' id='word_1_297' title='bbox 1254 3237 1294 3291; x_wconf 88' lang='lat' dir='ltr'><strong>Ut</strong></span> <span class='ocrx_word' id='word_1_298' title='bbox 1306 3238 1456 3310; x_wconf 83' lang='lat' dir='ltr'><strong>periscelia,</strong></span> 
     </span>
     <span class='ocr_line' id='line_1_33' title="bbox 389 3316 1456 3389; baseline 0 -20"><span class='ocrx_word' id='word_1_299' title='bbox 389 3333 450 3369; x_wconf 83' lang='lat' dir='ltr'><strong>rum</strong></span> <span class='ocrx_word' id='word_1_300' title='bbox 462 3333 552 3368; x_wconf 88' lang='lat' dir='ltr'><strong>aureo.</strong></span> <span class='ocrx_word' id='word_1_301' title='bbox 562 3341 573 3362; x_wconf 78' lang='grc' dir='ltr'><strong>ι</strong></span> <span class='ocrx_word' id='word_1_302' title='bbox 593 3317 646 3368; x_wconf 85' lang='grc' dir='ltr'><strong>Ειι.</strong></span> <span class='ocrx_word' id='word_1_303' title='bbox 943 3330 1090 3389; x_wconf 76' lang='lat' dir='ltr'><strong>ceteraque</strong></span> <span class='ocrx_word' id='word_1_304' title='bbox 1106 3316 1206 3389; x_wconf 89' lang='lat' dir='ltr'><strong>pedum</strong></span> <span class='ocrx_word' id='word_1_305' title='bbox 1225 3331 1252 3370; x_wconf 88' lang='lat' dir='ltr'><strong>et</strong></span> <span class='ocrx_word' id='word_1_306' title='bbox 1268 3335 1375 3370; x_wconf 88' lang='lat' dir='ltr'><strong>crurum</strong></span> <span class='ocrx_word' id='word_1_307' title='bbox 1392 3319 1456 3369; x_wconf 81' lang='lat' dir='ltr'><strong>vin·</strong></span> 
     </span>
     <span class='ocr_line' id='line_1_34' title="bbox 433 3395 1455 3468; baseline 0.001 -19"><span class='ocrx_word' id='word_1_308' title='bbox 433 3413 478 3449; x_wconf 80' lang='lat' dir='ltr'><strong>ta.</strong></span> <span class='ocrx_word' id='word_1_309' title='bbox 495 3395 530 3447; x_wconf 88' lang='lat' dir='ltr'><strong>Ut</strong></span> <span class='ocrx_word' id='word_1_310' title='bbox 547 3397 573 3446; x_wconf 86' lang='lat' dir='ltr'><strong>iu</strong></span> <span class='ocrx_word' id='word_1_311' title='bbox 589 3413 670 3446; x_wconf 83' lang='lat' dir='ltr'><strong>somno</strong></span> <span class='ocrx_word' id='word_1_312' title='bbox 684 3413 784 3468; x_wconf 82' lang='lat' dir='ltr'><strong>quaque.</strong></span> <span class='ocrx_word' id='word_1_313' title='bbox 799 3395 838 3448; x_wconf 85' lang='lat' dir='ltr'><strong>Ut</strong></span> <span class='ocrx_word' id='word_1_314' title='bbox 858 3395 901 3448; x_wconf 83' lang='lat' dir='ltr'><strong>vel</strong></span> <span class='ocrx_word' id='word_1_315' title='bbox 943 3397 1001 3450; x_wconf 85' lang='lat' dir='ltr'><strong>cula</strong></span> <span class='ocrx_word' id='word_1_316' title='bbox 1015 3397 1129 3450; x_wconf 86' lang='lat' dir='ltr'><strong>habeant</strong></span> <span class='ocrx_word' id='word_1_317' title='bbox 1143 3415 1235 3459; x_wconf 86' lang='lat' dir='ltr'><strong>aurea,</strong></span> <span class='ocrx_word' id='word_1_318' title='bbox 1248 3395 1400 3468; x_wconf 81' lang='lat' dir='ltr'><strong>pedagogiis</strong></span> <span class='ocrx_word' id='word_1_319' title='bbox 1410 3415 1455 3450; x_wconf 84' lang='lat' dir='ltr'><strong>re-</strong></span> 
     </span>
     <span class='ocr_line' id='line_1_35' title="bbox 390 3475 1457 3549; baseline 0.004 -23"><span class='ocrx_word' id='word_1_320' title='bbox 390 3493 439 3545; x_wconf 88' lang='lat' dir='ltr'><strong>per</strong></span> <span class='ocrx_word' id='word_1_321' title='bbox 451 3491 574 3527; x_wconf 90' lang='lat' dir='ltr'><strong>somnum</strong></span> <span class='ocrx_word' id='word_1_322' title='bbox 583 3475 820 3528; x_wconf 84' lang='lat' dir='ltr'><strong>occurrantanimo</strong></span> <span class='ocrx_word' id='word_1_323' title='bbox 830 3493 901 3529; x_wconf 86' lang='lat' dir='ltr'><strong>mar·</strong></span> <span class='ocrx_word' id='word_1_324' title='bbox 941 3476 1099 3549; x_wconf 89' lang='lat' dir='ltr'><strong>linquimus.</strong></span> <span class='ocrx_word' id='word_1_325' title='bbox 1110 3475 1294 3548; x_wconf 74' lang='lat' dir='ltr'><strong>paedagogium</strong></span> <span class='ocrx_word' id='word_1_326' title='bbox 1307 3489 1402 3529; x_wconf 77' lang='lat' dir='ltr'><strong>emtum</strong></span> <span class='ocrx_word' id='word_1_327' title='bbox 1411 3495 1457 3530; x_wconf 91' lang='lat' dir='ltr'><strong>so·</strong></span> 
     </span>
     <span class='ocr_line' id='line_1_36' title="bbox 391 3553 1458 3628; baseline 0.003 -21"><span class='ocrx_word' id='word_1_328' title='bbox 391 3555 481 3624; x_wconf 78' lang='lat' dir='ltr'><strong>garitae</strong></span> <span class='ocrx_word' id='word_1_329' title='bbox 491 3571 555 3625; x_wconf 87' lang='lat' dir='ltr'><strong>quas</strong></span> <span class='ocrx_word' id='word_1_330' title='bbox 565 3566 676 3624; x_wconf 84' lang='lat' dir='ltr'><strong>gestant.</strong></span> <span class='ocrx_word' id='word_1_331' title='bbox 688 3553 780 3608; x_wconf 81' lang='lat' dir='ltr'><strong>Hans.</strong></span> <span class='ocrx_word' id='word_1_332' title='bbox 942 3569 989 3609; x_wconf 86' lang='lat' dir='ltr'><strong>nat</strong></span> <span class='ocrx_word' id='word_1_333' title='bbox 997 3575 1163 3627; x_wconf 84' lang='lat' dir='ltr'><strong>puerorum,</strong></span> <span class='ocrx_word' id='word_1_334' title='bbox 1175 3558 1222 3628; x_wconf 90' lang='lat' dir='ltr'><strong>qui</strong></span> <span class='ocrx_word' id='word_1_335' title='bbox 1242 3555 1270 3608; x_wconf 88' lang='lat' dir='ltr'><strong>in</strong></span> <span class='ocrx_word' id='word_1_336' title='bbox 1294 3554 1395 3610; x_wconf 83' lang='lat' dir='ltr'><strong>deliciis</strong></span> <span class='ocrx_word' id='word_1_337' title='bbox 1408 3557 1458 3609; x_wconf 89' lang='lat' dir='ltr'><strong>lut·</strong></span> 
     </span>
     <span class='ocr_line' id='line_1_37' title="bbox 435 3633 1456 3708; baseline 0.001 -21"><span class='ocrx_word' id='word_1_338' title='bbox 435 3633 480 3687; x_wconf 85' lang='grc' dir='ltr'><strong>ι3.</strong></span> <span class='ocrx_word' id='word_1_339' title='bbox 493 3635 607 3685; x_wconf 80' lang='lat' dir='ltr'><strong>Etiamne</strong></span> <span class='ocrx_word' id='word_1_340' title='bbox 619 3633 729 3704; x_wconf 80' lang='lat' dir='ltr'><strong>pedibus.</strong></span> <span class='ocrx_word' id='word_1_341' title='bbox 744 3634 843 3700; x_wconf 81' lang='lat' dir='ltr'><strong>soccis,</strong></span> <span class='ocrx_word' id='word_1_342' title='bbox 853 3634 901 3706; x_wconf 88' lang='lat' dir='ltr'><strong>qui</strong></span> <span class='ocrx_word' id='word_1_343' title='bbox 943 3637 1050 3689; x_wconf 87' lang='lat' dir='ltr'><strong>beatur.</strong></span> <span class='ocrx_word' id='word_1_344' title='bbox 1065 3637 1135 3690; x_wconf 87' lang='lat' dir='ltr'><strong>Hinc</strong></span> <span class='ocrx_word' id='word_1_345' title='bbox 1147 3635 1283 3689; x_wconf 88' lang='lat' dir='ltr'><strong>deminuta</strong></span> <span class='ocrx_word' id='word_1_346' title='bbox 1293 3653 1361 3688; x_wconf 81' lang='lat' dir='ltr'><strong>voee</strong></span> <span class='ocrx_word' id='word_1_347' title='bbox 1375 3635 1456 3708; x_wconf 88' lang='lat' dir='ltr'><strong>pueri</strong></span> 
     </span>
     <span class='ocr_line' id='line_1_38' title="bbox 392 3711 1492 3786; baseline -0.001 -18"><span class='ocrx_word' id='word_1_348' title='bbox 392 3713 497 3768; x_wconf 84' lang='lat' dir='ltr'><strong>circulis</strong></span> <span class='ocrx_word' id='word_1_349' title='bbox 509 3731 542 3766; x_wconf 86' lang='lat' dir='ltr'><strong>ex</strong></span> <span class='ocrx_word' id='word_1_350' title='bbox 557 3733 622 3766; x_wconf 89' lang='lat' dir='ltr'><strong>auro</strong></span> <span class='ocrx_word' id='word_1_351' title='bbox 635 3711 727 3767; x_wconf 82' lang='lat' dir='ltr'><strong>viactl.</strong></span> <span class='ocrx_word' id='word_1_352' title='bbox 738 3713 831 3768; x_wconf 85' lang='lat' dir='ltr'><strong>Hann.</strong></span> <span class='ocrx_word' id='word_1_353' title='bbox 944 3717 1077 3769; x_wconf 85' lang='lat' dir='ltr'><strong>nobilium</strong></span> <span class='ocrx_word' id='word_1_354' title='bbox 1099 3715 1213 3769; x_wconf 85' lang='lat' dir='ltr'><strong>ministri</strong></span> <span class='ocrx_word' id='word_1_355' title='bbox 1234 3719 1306 3786; x_wconf 82' lang='lat' dir='ltr'><strong>pagii</strong></span> <span class='ocrx_word' id='word_1_356' title='bbox 1317 3713 1390 3786; x_wconf 88' lang='lat' dir='ltr'><strong>apud</strong></span> <span class='ocrx_word' id='word_1_357' title='bbox 1404 3733 1456 3767; x_wconf 91' lang='lat' dir='ltr'><strong>nos</strong></span> <span class='ocrx_word' id='word_1_358' title='bbox 1489 3754 1492 3758; x_wconf 26' lang='grc' dir='ltr'><strong>ι</strong></span> 
     </span>
     <span class='ocr_line' id='line_1_39' title="bbox 435 3791 1458 3868; baseline 0.002 -23"><span class='ocrx_word' id='word_1_359' title='bbox 435 3799 480 3856; x_wconf 76' lang='grc' dir='ltr'><strong>ι4.</strong></span> <span class='ocrx_word' id='word_1_360' title='bbox 490 3793 572 3864; x_wconf 83' lang='lat' dir='ltr'><strong>Atque</strong></span> <span class='ocrx_word' id='word_1_361' title='bbox 583 3797 646 3845; x_wconf 83' lang='lat' dir='ltr'><strong>inter</strong></span> <span class='ocrx_word' id='word_1_362' title='bbox 656 3795 751 3846; x_wconf 83' lang='lat' dir='ltr'><strong>stolam.</strong></span> <span class='ocrx_word' id='word_1_363' title='bbox 763 3791 901 3859; x_wconf 88' lang='lat' dir='ltr'><strong>Quemad·</strong></span> <span class='ocrx_word' id='word_1_364' title='bbox 944 3797 1128 3868; x_wconf 85' lang='lat' dir='ltr'><strong>appellantur,</strong></span> <span class='ocrx_word' id='word_1_365' title='bbox 1142 3796 1175 3848; x_wconf 85' lang='lat' dir='ltr'><strong>les</strong></span> <span class='ocrx_word' id='word_1_366' title='bbox 1186 3815 1271 3866; x_wconf 77' lang='lat' dir='ltr'><strong>peges.</strong></span> <span class='ocrx_word' id='word_1_367' title='bbox 1284 3797 1324 3849; x_wconf 86' lang='lat' dir='ltr'><strong>De</strong></span> <span class='ocrx_word' id='word_1_368' title='bbox 1338 3795 1379 3848; x_wconf 89' lang='lat' dir='ltr'><strong>bis</strong></span> <span class='ocrx_word' id='word_1_369' title='bbox 1389 3794 1458 3847; x_wconf 80' lang='lat' dir='ltr'><strong>inie-</strong></span> 
     </span>
     <span class='ocr_line' id='line_1_40' title="bbox 392 3869 1355 3946; baseline 0.002 -21"><span class='ocrx_word' id='word_1_370' title='bbox 392 3869 502 3926; x_wconf 87' lang='lat' dir='ltr'><strong>modum</strong></span> <span class='ocrx_word' id='word_1_371' title='bbox 526 3871 554 3924; x_wconf 88' lang='lat' dir='ltr'><strong>in</strong></span> <span class='ocrx_word' id='word_1_372' title='bbox 572 3873 636 3927; x_wconf 80' lang='lat' dir='ltr'><strong>viris</strong></span> <span class='ocrx_word' id='word_1_373' title='bbox 656 3890 752 3927; x_wconf 83' lang='lat' dir='ltr'><strong>aarum</strong></span> <span class='ocrx_word' id='word_1_374' title='bbox 767 3873 796 3926; x_wconf 89' lang='lat' dir='ltr'><strong>ia</strong></span> <span class='ocrx_word' id='word_1_375' title='bbox 815 3873 900 3926; x_wconf 85' lang='lat' dir='ltr'><strong>anulis</strong></span> <span class='ocrx_word' id='word_1_376' title='bbox 944 3875 1000 3929; x_wconf 88' lang='lat' dir='ltr'><strong>rius</strong></span> <span class='ocrx_word' id='word_1_377' title='bbox 1014 3875 1113 3928; x_wconf 88' lang='lat' dir='ltr'><strong>iterum</strong></span> <span class='ocrx_word' id='word_1_378' title='bbox 1125 3893 1182 3946; x_wconf 88' lang='lat' dir='ltr'><strong>oap.</strong></span> <span class='ocrx_word' id='word_1_379' title='bbox 1202 3873 1355 3940; x_wconf 71' lang='lat' dir='ltr'><strong>54.Haan.</strong></span> 
     </span>
     <span class='ocr_line' id='line_1_41' title="bbox 390 3949 1455 4029; baseline 0.004 -26"><span class='ocrx_word' id='word_1_380' title='bbox 390 3949 570 4022; x_wconf 83' lang='lat' dir='ltr'><strong>distinguebat</strong></span> <span class='ocrx_word' id='word_1_381' title='bbox 592 3970 608 4005; x_wconf 89' lang='lat' dir='ltr'><strong>a</strong></span> <span class='ocrx_word' id='word_1_382' title='bbox 627 3953 700 4005; x_wconf 76' lang='lat' dir='ltr'><strong>enda</strong></span> <span class='ocrx_word' id='word_1_383' title='bbox 719 3963 746 4005; x_wconf 84' lang='lat' dir='ltr'><strong>et</strong></span> <span class='ocrx_word' id='word_1_384' title='bbox 765 3953 901 4024; x_wconf 83' lang='lat' dir='ltr'><strong>splebeio</strong></span> <span class='ocrx_word' id='word_1_385' title='bbox 989 3957 1032 4008; x_wconf 82' lang='lat'><strong>16.</strong></span> <span class='ocrx_word' id='word_1_386' title='bbox 1049 3955 1224 4029; x_wconf 79' lang='lat' dir='ltr'><strong>Baliaeasqae,</strong></span> <span class='ocrx_word' id='word_1_387' title='bbox 1241 3967 1292 4008; x_wconf 87' lang='lat' dir='ltr'><strong>ete.</strong></span> <span class='ocrx_word' id='word_1_388' title='bbox 1314 3955 1358 4008; x_wconf 85' lang='lat' dir='ltr'><strong>Sis</strong></span> <span class='ocrx_word' id='word_1_389' title='bbox 1378 3951 1455 4007; x_wconf 83' lang='lat' dir='ltr'><strong>MSS.</strong></span> 
     </span>
     <span class='ocr_line' id='line_1_42' title="bbox 380 4029 1457 4103; baseline 0.003 -21"><span class='ocrx_word' id='word_1_390' title='bbox 380 4031 485 4085; x_wconf 67' lang='lat' dir='ltr'><strong>urdine</strong></span> <span class='ocrx_word' id='word_1_391' title='bbox 498 4032 614 4103; x_wconf 88' lang='lat' dir='ltr'><strong>equites,</strong></span> <span class='ocrx_word' id='word_1_392' title='bbox 624 4045 704 4103; x_wconf 86' lang='lat' dir='ltr'><strong>atque</strong></span> <span class='ocrx_word' id='word_1_393' title='bbox 720 4029 838 4086; x_wconf 89' lang='lat' dir='ltr'><strong>mediam</strong></span> <span class='ocrx_word' id='word_1_394' title='bbox 853 4051 899 4086; x_wconf 94' lang='lat' dir='ltr'><strong>or·</strong></span> <span class='ocrx_word' id='word_1_395' title='bbox 947 4051 1047 4089; x_wconf 87' lang='lat' dir='ltr'><strong>omnes.</strong></span> <span class='ocrx_word' id='word_1_396' title='bbox 1060 4034 1180 4089; x_wconf 87' lang='lat' dir='ltr'><strong>Balineas</strong></span> <span class='ocrx_word' id='word_1_397' title='bbox 1198 4055 1213 4090; x_wconf 89' lang='lat' dir='ltr'><strong>a</strong></span> <span class='ocrx_word' id='word_1_398' title='bbox 1229 4035 1333 4089; x_wconf 83' lang='lat' dir='ltr'><strong>balineo</strong></span> <span class='ocrx_word' id='word_1_399' title='bbox 1346 4031 1457 4086; x_wconf 79' lang='lat' dir='ltr'><strong>differre</strong></span> 
     </span>
     <span class='ocr_line' id='line_1_43' title="bbox 390 4106 1458 4189; baseline 0.001 -26"><span class='ocrx_word' id='word_1_400' title='bbox 390 4106 480 4166; x_wconf 86' lang='lat' dir='ltr'><strong>dinem</strong></span> <span class='ocrx_word' id='word_1_401' title='bbox 497 4111 628 4167; x_wconf 78' lang='lat' dir='ltr'><strong>iaciebat:</strong></span> <span class='ocrx_word' id='word_1_402' title='bbox 649 4113 684 4166; x_wconf 88' lang='lat' dir='ltr'><strong>ita</strong></span> <span class='ocrx_word' id='word_1_403' title='bbox 700 4111 727 4164; x_wconf 90' lang='lat' dir='ltr'><strong>in</strong></span> <span class='ocrx_word' id='word_1_404' title='bbox 744 4112 901 4166; x_wconf 84' lang='lat' dir='ltr'><strong>mulieribus</strong></span> <span class='ocrx_word' id='word_1_405' title='bbox 944 4113 1031 4169; x_wconf 87' lang='lat' dir='ltr'><strong>Varro</strong></span> <span class='ocrx_word' id='word_1_406' title='bbox 1041 4115 1180 4183; x_wconf 86' lang='lat' dir='ltr'><strong>admonet,</strong></span> <span class='ocrx_word' id='word_1_407' title='bbox 1194 4112 1267 4189; x_wconf 87' lang='lat' dir='ltr'><strong>qnod</strong></span> <span class='ocrx_word' id='word_1_408' title='bbox 1278 4115 1331 4170; x_wconf 79' lang='lat' dir='ltr'><strong>ttts</strong></span> <span class='ocrx_word' id='word_1_409' title='bbox 1344 4113 1397 4168; x_wconf 88' lang='lat' dir='ltr'><strong>sint</strong></span> <span class='ocrx_word' id='word_1_410' title='bbox 1407 4129 1458 4184; x_wconf 88' lang='lat' dir='ltr'><strong>pu-</strong></span> 
     </span>
    </p>
   </div>
   <div class='ocr_carea' id='block_1_4' title="bbox 0 0 1568 5125">
    <p class='ocr_par' dir='ltr' id='par_1_4' title="bbox 0 0 1568 5125">
     <span class='ocr_line' id='line_1_44' title="bbox 0 0 1568 5125; baseline 0 0"><span class='ocrx_word' id='word_1_411' title='bbox 0 0 1568 5125; x_wconf 95' lang='lat' dir='ltr'><strong> </strong></span> 
     </span>
    </p>
   </div>
  </div>
 </body>
</html>
