3100 5125
294 499 298 506 ’
369 530 439 606 5η
634 529 1155 608 connumerans.
1547 607 1548 610 ,

338 692 349 726 ¹
422 669 533 738 XXX.
549 669 721 762 Nusquam
736 670 792 740 hic
806 669 949 754 utilior¹‚
967 691 1067 762 quam
1083 669 1118 736 in
1134 665 1245 754 ltalia,
1265 669 1432 762 gignitur:
1547 653 1548 658 ἵ

370 773 534 868 lapisque,
554 799 623 842 non
643 797 778 865 saaum,
800 791 858 846 est.
877 779 917 845 In
938 773 1136 869 quibusdam
1157 797 1234 844 vero
1252 775 1433 866 provinciis

369 882 504 948 omnino
515 905 583 948 uon
592 881 768 950 invenitur.
778 886 863 952 Sunt
873 881 1008 977 quidam
1020 881 1054 950 in
1069 903 1109 948 eo
1123 903 1244 973 genere
1256 878 1433 964 molliores,

368 987 469 1079 quiet
479 1000 554 1054 cote
567 983 772 1080 laevigantur‚
786 1003 825 1058 ut
838 986 955 1082 procul
969 985 1172 1055 intuentibus
1185 983 1433 1080 ophitae²videri

368 1093 507 1184 possint.
524 1091 641 1185 Neque
656 1108 706 1162 est
718 1094 802 1162 alius
818 1094 946 1163 finnior
962 1119 969 1160 :
984 1092 1116 1185 quando
1130 1107 1163 1160 et
1173 1089 1291 1186 lapidis
1304 1106 1434 1174 natura,

369 1212 407 1266 ut
420 1195 564 1290 lignum,
587 1197 734 1268 similiter
752 1201 874 1269 imbres
895 1198 1045 1292 solesque
1066 1211 1125 1266 aut
1143 1198 1269 1266 hiemes
1285 1222 1354 1266 non
1375 1221 1433 1292 pa-

370 1305 462 1390 titur,
481 1305 515 1371 iu
529 1302 600 1373 aliis
618 1318 717 1398 atque
734 1304 805 1376 aliis
824 1306 1008 1400 generibus.
1022 1305 1107 1372 Sunt
1121 1305 1176 1396 qui
1190 1318 1224 1372 et
1238 1301 1353 1372 lunam
1369 1327 1435 1372 nou

369 1394 543 1496 tolereut³‚
561 1424 596 1478 et
613 1412 669 1503 qui
686 1425 850 1481 vetustate
870 1412 1057 1505 rubiginem
1078 1407 1231 1495 trahant,
1248 1409 1436 1478 coloremve

369 1513 546 1584 candidum
570 1513 644 1584 oleo
669 1531 801 1587 mutent
825 1507 928 1610 (xta.)
958 1515 1121 1587 Molarem
1147 1513 1280 1609 quidam
1306 1541 1329 1609 p
1353 1517 1435 1584 riten

266 1649 272 1664 ·
368 1609 520 1706 vocant‘,
530 1623 686 1714 quoniam
712 1624 754 1692 sit
776 1622 938 1717 plurimus
965 1607 1069 1716 ignis⁵
1085 1619 1163 1690 illi:
1186 1620 1244 1690 od
1265 1636 1317 1690 est
1355 1619 1435 1690 alius

368 1727 549 1795 etiamnum
563 1727 702 1820 pyrites⁷
716 1728 926 1798 similitudine
939 1729 1021 1797 aeris.
1036 1731 1077 1796 ln
1087 1729 1200 1820 Cypro
1211 1751 1287 1796 eum
1300 1728 1435 1821 reperiri

368 1829 501 1918 volunt,
519 1846 552 1900 et
568 1833 602 1901 in
620 1821 788 1917 metallis⁸‚
803 1861 876 1929 qum
891 1848 969 1903 sunt
981 1835 1069 1903 circa
1081 1835 1317 1920 Acarnaniam,
1332 1857 1434 1900 unum

368 1953 524 2031 argenteo
536 1935 647 2008 colore
653 1937 678 2027 ⁹,
691 1938 832 2010 alterum
848 1965 960 2010 aureo.
972 1937 1302 2033 Coquunturvarie¹⁰
1311 1939 1355 2006 ab
1368 1936 1435 2007 aliis

407 2190 497 2243 XXX.
526 2207 552 2242 1.
574 2189 701 2262 Nusquam
726 2191 766 2243 lu'c
789 2192 880 2246 utilior.
967 2191 994 2245 ⁵.
1011 2192 1133 2261 Quoniam
1141 2194 1175 2243 sit
1182 2187 1303 2262 plurimus
1316 2193 1381 2260 ἰμὶε
1391 2192 1434 2246 illi.

369 2270 506 2340 Nusquam
526 2268 592 2339 lapis
611 2270 709 2321 nohris
726 2269 827 2336 utilior,
842 2271 881 2324 la·
925 2269 1031 2340 Iluplsur
1047 2272 1110 2332 λίθος
1130 2271 1281 2340 appellatur
1298 2271 1368 2340 lapis
1381 2271 1435 2341 qui·

369 2350 463 2420 piaque
472 2349 561 2400 sectilis
572 2359 611 2402 est
619 2387 628 2414 ,
637 2367 694 2402 nou
705 2350 761 2413 saxi
773 2349 881 2406 duritie.
925 2349 1008 2418 libet,¹
1026 2367 1059 2402 ex
1078 2368 1133 2421 quo
1153 2349 1221 2419 iguis
1235 2351 1377 2404 excutitur.
1390 2349 1423 2404 Η.

370 2429 464 2482 Hann-
967 2433 995 2484 6.
1009 2428 1061 2482 Sed
1072 2442 1109 2482 est
1122 2429 1195 2482 alicu.
1210 2430 1332 2488 Diosccr.
1345 2431 1392 2482 lib.
1403 2430 1435 2498 V,¹

412 2527 439 2561 a.
462 2504 570 2577 Opls’tae.
584 2506 729 2560 Marmeris
747 2526 839 2579 genum
848 2509 882 2561 il·
926 2527 984 2581 cap.
1005 2510 1060 2573 143
1076 2527 1083 2562 :
1102 2510 1207 2579 Πυρίτης
1222 2505 1288 2570 stlte
1309 2512 1347 2570 les
1361 2513 1435 2572 λίθω,

370 2587 417 2641 lud
427 2600 481 2651 est,
492 2584 527 2640 de
539 2605 598 2658 quo
607 2587 746 2659 superius,
760 2606 819 2659 cap.
836 2608 882 2645 rr.
928 2590 969 2659 ἀφ’
984 2582 1009 2642 ol
1023 2591 1112 2657 χαλκὸς
1127 2592 1320 2659 precntum·
1333 2589 1434 2645 turmas

370 2667 549 2731 IL-Nuotris
561 2667 657 2737 vulgo,
675 2673 816 2738 serpentine.
828 2669 881 2723 En.
927 2665 1223 2741 μίντοιτὸνχαλιιοειδῆ,
1236 2682 1286 2723 etc.
1310 2696 1321 2715 ι
1338 2668 1437 2739 Pyrites

412 2749 440 2802 3.
457 2744 521 2798 Sunt
539 2750 581 2817 qui
603 2759 628 2797 et
647 2747 729 2799 lum
747 2766 796 2799 mn
822 2749 882 2801 tols-
927 2746 1024 2819 lapidis
1041 2766 1124 2819 genus
1137 2762 1191 2807 est,
1213 2768 1245 2802 ex
1259 2767 1315 2826 quo
1329 2766 1364 2801 ses
1377 2766 1436 2800 con·

372 2838 435 2884 rsst.
447 2826 508 2879 atio
521 2825 617 2880 ordine
629 2827 658 2879 in
671 2826 819 2900 archetypo
837 2848 884 2882 nc·
927 2826 1016 2881 fletur.
1035 2828 1103 2899 Eligi
1119 2826 1198 2897 dqbet
1213 2828 1272 2881 siris
1284 2824 1437 2881 similitudi-

370 2919 445 2961 strot
460 2928 472 2950 ι
486 2905 553 2959 Sunt
565 2918 592 2959 et
605 2906 653 2976 qui
665 2906 758 2960 lunam
772 2926 828 2961 nou
842 2920 884 2961 to-
929 2926 981 2973 ne,
996 2920 1045 2961 etc.
1061 2932 1072 2955 ι
1090 2908 1181 2960 Haeo.

371 2987 466 3039 lereut.
480 3010 491 3033 s
506 2983 737 3039 Considerandum
747 3000 836 3041 autem
848 3007 883 3041 au
970 3006 998 3057 7.
1020 2988 1125 3056 Pyrites.
1138 2987 1246 3057 Pyriten
1267 2984 1384 3057 lapidem
1399 2985 1436 3039 vi·

372 3066 407 3119 sit
421 3064 510 3119 serior
528 3065 620 3127 lectio,
635 3065 730 3132 dmm,
750 3085 833 3137 quam
846 3068 884 3139 lug
930 3084 994 3119 vum
1016 3065 1123 3119 Gratius
1149 3079 1246 3119 vocat:
1267 3092 1278 3113 ι
1297 3066 1333 3117 Et
1347 3065 1435 3117 visun

373 3165 437 3214 naus.
450 3145 532 3198 Prsr.
928 3144 1062 3217 lapidem,
1086 3158 1113 3199 et
1134 3146 1203 3199 circa
1222 3144 1373 3199 Melitenam
1392 3162 1437 3197 ue·

414 3232 441 3289 4.
452 3223 676 3294 Molarsmquidau
682 3227 779 3297 pyrites
788 3237 883 3279 vomat.
929 3238 1013 3279 ctuut.
1024 3226 1126 3278 nTurn.
1136 3223 1400 3287 Advers.lib.V1,c.
1410 3240 1436 3291 9.

373 3304 454 3357 Plinii
466 3302 581 3358 editores
593 3303 628 3355 ab
637 3302 671 3356 iis
680 3305 770 3359 serbis
784 3323 885 3357 norum
971 3306 997 3357 8.
1013 3303 1135 3370 Metellis,
1156 3317 1208 3357 etc.
1222 3304 1327 3375 Pyrites
1338 3303 1383 3356 ille
1393 3320 1437 3355 cu·

373 3396 454 3453 caput
463 3382 605 3453 auspicati,
622 3383 729 3436 titulum
740 3384 886 3453 praefixere,
930 3384 972 3454 pri
981 3421 990 3448 ,
999 3401 1044 3435 seu
1056 3384 1114 3437 siris
1128 3383 1229 3437 minere
1241 3396 1281 3435 est
1295 3372 1385 3453 (cutm
1396 3401 1448 3453 ff

376 3490 389 3519 ,ι
403 3464 443 3515 De
457 3461 558 3515 cumlio
570 3464 611 3515 vel
623 3463 741 3534 pyrite,»
755 3482 811 3534 quo
822 3464 885 3533 fingi
930 3453 1148 3531 riteualomnium
1157 3462 1350 3533 vulgatissima:
1359 3480 1435 3515 aureo

373 3542 440 3595 nibil
455 3540 595 3596 absurdius
612 3543 710 3613 potuit.
724 3541 827 3595 Videre
847 3542 887 3596 illi
930 3544 1019 3597 colore
1031 3543 1108 3606 nitet,
1116 3554 1162 3595 aut
1171 3544 1317 3613 variegata.
1329 3544 1381 3595 Eu.

373 3623 401 3685 in
414 3620 573 3692 quibusdam
583 3621 781 3693 exemplaribus
792 3622 886 3677 extrita
971 3642 998 3692 9.
1011 3622 1090 3675 Unum
1105 3634 1217 3691 argenteo
1230 3624 1320 3675 colore.
1336 3620 1435 3685 Aetius,

373 3702 465 3772 priore
479 3700 583 3765 littera,
597 3700 809 3773 Numquidnam,
825 3720 887 3754 mox
931 3700 978 3755 lib.
1001 3702 1044 3767 11,
1068 3721 1128 3773 cup.
1150 3720 1196 3763 no,
1217 3720 1247 3772 p.
1264 3701 1313 3765 ⁵1,
1332 3718 1365 3753 ex
1383 3699 1436 3753 tls,

374 3780 741 3852 aliisperruutatis,cursls'um
754 3780 794 3833 ibi
805 3782 888 3841 latere
932 3780 1026 3834 Groeco
1051 3800 1058 3832 ε
1080 3774 1102 3835 ὁ
1127 3780 1233 3851 πυρίτης
1249 3782 1436 3851 ὀνομαζόμενος,

374 3859 520 3915 commenti
535 3872 607 3912 sunt
626 3860 700 3913 Nibil
720 3860 801 3912 babet
817 3861 887 3931 ejus·
932 3861 1014 3921 lumbe
1029 3860 1124 3931 ἀργύρῳ
1140 3860 1183 3917 τὴν
1199 3862 1301 3930 χροιὰν,
1312 3872 1363 3913 etc.
1376 3859 1409 3911 Η.

375 3938 449 3993 modi
460 3958 604 4011 germana
614 3939 694 3992 Plinii
704 3937 790 3992 Index
803 3961 809 3991 ε
824 3966 835 3987 ι
847 3941 887 3993 De
976 3959 1018 3995 ro.
1039 3940 1180 4012 Coquuntur
1196 3944 1267 3992 uas-ie
1280 3940 1311 3991 ab
1327 3939 1382 3991 alsi}
1396 3940 1436 3988 ite·

375 4019 523 4073 molaribus
536 4018 687 4089 lapidibusr
704 4042 717 4065 ι
734 4017 769 4071 de
790 4019 887 4091 quibus
932 4039 1000 4083 rusa,
1014 4033 1065 4072 etc.
1078 4019 1112 4071 lli
1125 4032 1240 4072 cocturae
1252 4017 1327 4073 modi
1337 4018 1435 4069 letius&

374 4114 473 4169 nempe
482 4098 586 4152 dictum
597 4110 636 4151 est
646 4096 888 4169 proxime:«P5ri-
933 4096 1092 4153 Dioscoride
1122 4112 1296 4169 exponuntur
1326 4096 1374 4151 lib.
1397 4096 1435 4161 V,

376 4189 429 4245 tes,
441 4176 582 4245 medicinas
592 4197 626 4232 ex
638 4194 685 4243 so,
698 4189 749 4232 etc.
766 4202 778 4225 ι
802 4176 837 4231 Η.
933 4197 992 4250 usp.
1008 4178 1073 4242 143.
1086 4178 1177 4233 Hsan.
