3100 5125
539 478 819 552 excussus.
1142 493 1212 568 253

150 597 248 650 dubus
260 598 346 652 literis
359 606 383 651 K
396 611 423 652 et
435 606 470 662 A,
491 601 590 673 quihus
602 621 686 656 sunus
696 602 841 657 Alexandri
851 607 981 659 emenus
989 612 1085 677 prr'rnus
1095 625 1211 668 notatur,

150 688 263 742 Eximius
276 687 466 742 hic‘nummus
476 707 507 741 ex
519 702 644 760 argento,
654 690 792 743 mediocris
802 691 917 758 moduli,
930 695 976 748 sed
990 697 1104 768 eleganti
1114 701 1214 756 labriea

151 788 203 838 est,
216 775 290 847 apud
300 776 333 829 D.
345 795 384 829 uu
394 778 473 829 Boas.
482 778 558 831 Alius
566 779 605 831 ihi
614 780 706 831 similis
717 780 823 843 formas,
832 779 913 834 habet
921 783 1023 836 literam
1033 791 1056 837 K
1069 785 1213 855 dumtaxat,

150 864 197 917 hoe
209 876 261 924 est,
275 882 377 917 annum
385 868 536 917 uicesimum.

183 970 221 1006 ιο.
234 952 323 1022 Caput
336 953 481 1006 Alexandri
495 953 586 1023 Magni
602 953 709 1007 leonina
725 955 795 1025 pelle
810 965 918 1008 tectum·
927 961 957 1023 )(·
966 958 1071 1031 Jupiter
1082 963 1170 1030 sedet,
1181 976 1209 1018 ut
1237 1016 1247 1030 .

147 1043 173 1094 in
183 1059 294 1092 nummo
303 1040 400 1111 priore.
407 1041 513 1107 ,Latere
524 1041 627 1092 nummi
639 1040 754 1104 sinistro,
761 1046 973 1097 AAEEANAPOY:
988 1044 1082 1099 dextro
1091 1049 1125 1102 ad
1135 1069 1211 1104 crura

147 1129 231 1191 loris,
245 1135 304 1179 Ar:
317 1129 369 1180 hoc
382 1139 435 1191 est,
449 1147 521 1180 anuo
530 1132 648 1180 vicesimo
657 1133 727 1179 sertio
737 1149 747 1179 .·
756 1147 837 1200 supra
851 1128 884 1182 sd
901 1131 1019 1202 ejusdem
1036 1154 1135 1205 genus,
1152 1144 1209 1193 Aa:

146 1218 195 1271 hoc
205 1229 262 1279 est,
276 1207 446 1272 laetitiam
460 1218 487 1269 in
500 1217 608 1270 Bootis.
620 1216 746 1269 Sicorim
761 1217 790 1268 in
804 1219 921 1270 nummis
933 1221 1052 1292 ejusdem
1068 1225 1210 1280 Alexandri

147 1307 250 1379 liugai,
264 1314 343 1369 m,
357 1305 498 1358 Κλεωναίων
509 1317 557 1358 est.
568 1305 663 1377 Neque
676 1316 750 1358 extra
763 1306 894 1359 Grecinm
910 1309 965 1360 lere
975 1327 1037 1362 cusa
1048 1312 1210 1387 hujusprin.

147 1396 210 1467 ripis
222 1396 334 1447 nomine
346 1395 505 1448 numismata
520 1408 591 1447 sunt.
609 1396 655 1448 Est
668 1395 712 1446 hic
728 1395 837 1446 maximi
856 1395 958 1448 moduli
974 1417 1099 1452 nummus
1117 1419 1211 1476 argen-

147 1497 201 1537 tens
210 1483 284 1556 apud
299 1484 468 1535 D.·Ahhutem
482 1484 602 1536 Paursr..
622 1483 758 1535 llahemus
772 1481 854 1555 hujus
872 1485 994 1553 praeclari
1007 1489 1173 1544 numismatis
1185 1505 1211 1546 et
1254 1499 1261 1508 ’

145 1572 257 1624 duorum
271 1572 454 1642 sequentium,
467 1571 520 1624 hoc
531 1584 581 1634 est,
597 1570 748 1624 duodecimi
766 1582 791 1624 et
802 1589 858 1625 xus
871 1590 1020 1644 expressam
1034 1575 1061 1627 in
1076 1596 1136 1632 cera
1152 1581 1210 1632 elli·

145 1660 209 1731 giem
216 1698 227 1723 ,
242 1657 365 1732 ejusdem
377 1658 453 1711 amici
466 1677 538 1713 cura.
548 1659 595 1712 Est
608 1663 680 1730 apud
693 1659 722 1711 P.
733 1677 769 1711 ns
778 1659 872 1712 Vrrax
881 1673 1019 1731 argenteus
1032 1662 1157 1720 denariae
1170 1668 1206 1721 si·

146 1748 226 1810 milis,
235 1751 305 1799 ‘cnm
320 1765 392 1800 anuo
409 1754 470 1799 ttr:
488 1758 514 1800 et
527 1747 598 1799 intra
610 1747 701 1800 sellam
715 1754 780 1798 HE:
798 1745 917 1811 licceat,
940 1753 1048 1818 Megaris
1059 1752 1086 1803 iu
1099 1753 1208 1809 Breotia.

143 1837 248 1889 Nummi
260 1837 418 1909 impressam
429 1838 457 1888 in
469 1855 528 1889 cera
538 1836 652 1908 effigiem
665 1837 801 1889 habemus.

178 1942 217 1975 ιι.
229 1923 320 1994 Caput
332 1923 473 1976 Alexandri
488 1923 578 1996 Magni
592 1935 691 1976 tectum
706 1921 777 1994 pelle
795 1923 946 1992 leonius-)(·
955 1925 1060 1995 Jupiter
1071 1927 1159 1993 sedet,
1178 1943 1208 1984 ut

144 2010 170 2063 in
178 2030 291 2064 nummu
299 2011 397 2084 priore.
410 2011 504 2064 Latere
512 2010 617 2065 nummi
626 2011 743 2076 sinistro,
752 2017 954 2062 AAERAMPOT·
964 2015 1078 2082 Dextro,
1087 2021 1145 2069 lta:
1156 2017 1207 2072 hoc

143 2113 194 2163 est,
205 2117 278 2152 anuo
289 2103 410 2151 onesimo
420 2114 517 2168 quarto.
533 2100 580 2152 Est
590 2097 663 2170 apud
674 2098 703 2151 P.
712 2116 748 2151 ns
757 2099 852 2151 Vrrnr
864 2117 989 2152 nummus
1000 2101 1118 2156 maximas
1129 2107 1205 2158 mulis

142 2201 295 2260 argenteus,
305 2191 383 2260 cujus
392 2189 524 2242 hahemus
536 2188 564 2240 in
579 2206 640 2240 cera
651 2188 810 2260 impressam
821 2187 974 2258 imaginem.

177 2299 216 2331 ss.
224 2280 315 2350 Caput
324 2277 467 2331 Alexandri
479 2278 571 2350 Magni
582 2288 681 2330 tectum
697 2277 767 2346 pelle
782 2277 894 2328 leonina·
910 2278 939 2344 )(·
957 2277 1060 2348 Jupiter
1074 2279 1161 2345 sedet,
1176 2293 1205 2334 ut

141 2366 165 2418 iu
179 2384 292 2419 nummo
303 2367 401 2436 priore·
412 2365 507 2418 Latere
519 2365 622 2418 nummi
636 2364 757 2427 sinistro,
771 2368 978 2416 AfflANAPOY.
1000 2365 1095 2419 Latere
1110 2366 1205 2421 dextro

140 2452 173 2506 sd
189 2454 264 2507 Joris
283 2471 389 2526 genus,
406 2460 464 2506 113:
475 2442 529 2506 hoc
547 2465 602 2516 est,
622 2466 693 2505 suno
704 2455 823 2504 vicesimo
836 2453 932 2518 quinto.
951 2447 999 2503 Est
1017 2453 1044 2504 in
1064 2453 1202 2509 Thesauro

140 2537 223 2610 Regio
239 2538 360 2591 maxime
377 2537 455 2591 molis
472 2548 617 2611 argenteus.
637 2534 717 2609 Apud
735 2540 776 2592 D..
786 2553 824 2589 un
843 2535 916 2587 lions
930 2532 999 2586 idem
1013 2546 1065 2599 est,
1078 2536 1124 2590 sed
1139 2556 1202 2593 cum

141 2627 316 2699 superpositis
333 2644 448 2679 numero
466 2645 597 2680 summm
618 2625 660 2679 his
679 2624 779 2689 literis,
801 2630 852 2687 ΔΣ,
871 2624 923 2675 hoc
943 2633 998 2687 est,
1013 2613 1201 2683 Amastrum:

797 2718 840 2762 RE

139 2822 203 2854 sano
215 2822 268 2856 m
278 2801 423 2856 Alexandri
434 2801 534 2873 Magni.
553 2802 585 2853 ln
600 2801 669 2865 alio,
682 2818 762 2872 quem
778 2796 886 2851 exbibet
898 2797 1001 2870 sylloge
1012 2800 1202 2855 numismatum

139 2889 254 2943 londini
267 2890 339 2943 edita
348 2908 419 2942 auno
430 2888 513 2959 1708,
535 2886 702 2959 superposita
712 2898 750 2941 est
764 2885 848 2939 literis
860 2886 1042 2940 numeralibus
1054 2894 1113 2951 KB,
1127 2889 1202 2945 litera

138 2984 175 3030 οε
188 2996 249 3050 quas
258 2976 395 3041 Phthiam,
404 2976 446 3030 rel
456 2974 604 3029 Phthiotide
616 2974 742 3037 denotat,
756 2974 785 3026 in
792 2972 939 3027 Thessalia.

172 3066 214 3118 13.
233 3064 320 3137 Caput
328 3063 472 3122 Alexandri
480 3063 573 3134 Magni
586 3062 693 3116 leonina
710 3061 783 3134 pelle
800 3072 909 3115 tectum·
916 3062 947 3128 )(·
957 3059 1060 3133 Jupiter
1071 3062 1157 3128 sedet,
1171 3076 1201 3117 ut

139 3154 165 3206 iu
176 3155 294 3207 nummis
307 3152 501 3225 superioribus.
512 3153 605 3204 Latere
616 3151 736 3217 sinistro¹
750 3155 957 3203 ΔΔΕΞΔΝΔΡΟΥ.
968 3150 1062 3202 Latere
1068 3148 1159 3205 dextro
1167 3162 1200 3217 Δ,

145 3243 196 3298 hoc
204 3256 258 3307 est,
271 3264 340 3297 uarro
352 3246 480 3296 uicesimo.
498 3242 546 3295 Est
561 3241 606 3293 liic
621 3253 761 3312 argenteus
778 3238 897 3292 similiter
911 3239 1021 3310 egregie
1035 3238 1159 3307 lahricsr,
1174 3252 1201 3295 et

147 3332 254 3406 majoris
266 3332 387 3396 moduli,
403 3332 433 3385 iu
440 3329 579 3384 'l'hesanro
594 3329 693 3403 hegio,
713 3340 739 3381 et
755 3326 829 3398 apud
847 3330 881 3381 D.
900 3342 936 3378 ns
955 3326 1034 3379 Bona.
1058 3328 1090 3379 ln
1106 3328 1201 3381 Museo

137 3437 228 3478 nostro
246 3433 389 3493 argenteus
406 3432 446 3473 est
464 3418 534 3471 mole
551 3416 674 3478 denarii,
694 3416 739 3488 qui
752 3414 781 3466 in
794 3412 1000 3467 intercolumnio
1011 3411 1156 3478 cathedrae,
1169 3416 1199 3469 in
1223 3422 1226 3429 '

142 3531 193 3584 qus
205 3512 312 3584 Jupiter
322 3508 411 3570 sedet,
422 3506 543 3561 eamdem
555 3505 637 3558 habet
650 3504 753 3557 literam
767 3512 803 3569 Δ,
820 3501 847 3554 h.
857 3520 879 3554 e.
889 3520 981 3553 aarum
992 3504 1143 3556 mesanum.

173 3598 247 3665 Quid
260 3615 342 3670 porro
354 3597 383 3649 hi
394 3593 500 3647 numeri
507 3594 535 3647 iu
544 3592 659 3645 nummis
670 3590 824 3664 principum
837 3588 934 3651 norati,
944 3606 1025 3659 quarn
1035 3606 1117 3643 annua
1126 3590 1197 3661 ipsc-

136 3705 195 3739 rum
209 3686 379 3759 principatus
385 3680 541 3755 designant?
550 3681 611 3735 Fuit
622 3679 749 3733 nimirum
758 3676 908 3731 Alexander
916 3674 1039 3729 claritatis
1052 3696 1082 3729 ac
1092 3677 1198 3730 celebri-

140 3774 303 3836 satiatam,
322 3785 352 3825 ut
370 3770 468 3842 dignus
482 3769 556 3822 visus
572 3769 606 3822 sit
621 3766 775 3820 monetariis
789 3784 823 3819 ex
840 3782 894 3837 qno
912 3762 1120 3835 pregignmetur
1138 3782 1196 3818 moa

137 3880 219 3916 annos
229 3861 383 3934 principum
398 3854 574 3930 consignandi
592 3857 620 3909 in
637 3855 761 3909 nummis.
779 3852 883 3907 Exinde
901 3858 972 3905 certe
989 3850 1017 3902 in
1031 3852 1195 3907 numismatis

137 3967 316 4005 successorum
328 3950 384 4020 ejus
392 3946 485 4001 eadem
495 3948 628 4000 observata
636 3945 704 3999 ratio
714 3956 767 3997 est:
785 3942 858 4013 prius
867 3958 920 3993 non
929 3950 1072 4011 comparet.

171 4041 249 4091 Nunc
260 4036 340 4109 igitur
347 4053 478 4088 annorum
488 4032 632 4087 Alexandri
647 4030 740 4102 Magni
752 4026 856 4100 gemina
868 4024 1039 4096 chronologia
1049 4023 1194 4097 digerenda

132 4129 174 4182 hic
183 4140 237 4191 est,
249 4138 276 4179 et
287 4122 455 4197 subjicienda
467 4120 567 4175 oculis:
583 4119 701 4191 vulgaris
712 4118 807 4181 altera,
820 4116 903 4169 altera
916 4130 991 4177 rera3
1002 4112 1054 4165 hoc
1067 4124 1118 4175 est,
1132 4131 1193 4167 cum
