3100 5125
324 552 387 656 C.
414 553 647 655 PLINH
683 553 1024 662 SECUNDI

144 801 680 936 NATURALIS
728 809 1206 942 HISTORIAE

167 1055 173 1068 ’
317 1111 322 1116 ·
424 1071 624 1160 urana
655 1073 926 1163 xxxvn.

482 1312 870 1347 ----000·---

142 1533 169 1598 1.
196 1483 280 1600 Ur
296 1526 379 1597 nihil
400 1529 551 1597 instituto
571 1529 665 1621 operi
682 1526 786 1613 desit,
806 1553 945 1624 gemmae
963 1548 1157 1627 supersunt,
1173 1552 1205 1606 et
1227 1569 1240 1602 ι

141 1635 174 1704 iir
188 1648 317 1703 aretum
331 1648 446 1704 coacta
461 1657 572 1701 rerum
589 1648 716 1704 naturae
731 1635 902 1729 majestas,
920 1635 1031 1708 multis
1047 1637 1137 1708 nulia
1155 1644 1205 1710 sui

142 1754 237 1836 parte
260 1738 449 1809 mirabilior.
476 1742 621 1807 Tantum
644 1740 798 1810 tribuunt
825 1742 992 1830 varietati,
1017 1743 1206 1832 coloribus,

142 1848 305 1931 rnateriae,
326 1846 461 1931 decori,
483 1843 600 1914 violari
621 1846 720 1914 etiam
743 1847 843 1941 signis
864 1871 1010 1942 gemmae
1033 1850 1126 1920 nefas
1146 1851 1205 1921 du-

141 1967 265 2022 centes.
283 1952 417 2046 Aliquas
432 1975 513 2020 vero
528 1964 619 2019 extra
636 1952 743 2045 pretia
760 1950 846 2035 ulla,
861 1955 1127 2052 taxationemque
1144 1958 1205 2026 hu·

141 2082 316 2127 manarum
345 2070 445 2152 oputn
471 2057 688 2143 arbitrantes,
724 2071 762 2125 ut
783 2056 947 2152 plerisque
975 2061 1017 2130 ad
1043 2087 1205 2132 summam

141 2162 395 2258 absolutamque
424 2187 535 2232 rerum
564 2176 690 2231 naturae
712 2163 1035 2259 eontemplationem
1062 2171 1140 2238 satis
1165 2171 1207 2238 sit
1249 2181 1253 2191 '

142 2293 209 2339 una
231 2269 340 2364 aliqua
358 2292 498 2363 gemma.
515 2269 600 2357 Quae
617 2267 717 2338 fuerit
738 2271 832 2364 origo
849 2295 1069 2365 gemmarum,
1089 2289 1122 2344 et
1138 2277 1207 2369 qui·
1226 2307 1240 2339 ι

142 2376 205 2445 bus
234 2377 334 2444 initiis
356 2376 390 2443 in
418 2387 547 2443 tantum
569 2373 742 2444 admiratio
772 2376 844 2446 haec
865 2380 1042 2467 exarserit,
1066 2379 1207 2451 diximus

141 2479 398 2577 quadamtenus'¹
415 2480 450 2550 in
466 2481 632 2550 mentione
647 2482 720 2549 auri
733 2480 982 2577 anulorumque.
998 2483 1130 2554 Fabulae
1143 2488 1207 2580 pri-

141 2585 325 2658 mordium²
345 2612 365 2655 a
385 2611 468 2682 rupe
487 2589 656 2656 Caucasea
673 2586 833 2657 tradunt:
854 2591 1041 2659 Promethei
1058 2592 1208 2663 vinculo·

144 2720 221 2765 rum
246 2678 537 2797 interpretatione³
560 2690 651 2761 fatali
670 2718 678 2761 :
697 2696 908 2789 primumque
932 2696 1001 2765 saxi
1022 2696 1122 2791 hujus
1143 2683 1206 2767 fra·

180 2908 206 2959 1.
232 2923 257 2957 r.
277 2905 392 2957 Diximus
410 2904 589 2977 quadantenus.
606 2903 652 2956 Li·
737 2904 764 2956 3.
778 2904 912 2957 Promethei
926 2906 1075 2958 vinculorum
1091 2908 1207 2977 interpre-

142 2986 194 3039 bro
213 2985 350 3047 mm,
368 3002 426 3054 rap.
451 2990 520 3047 d:-
533 2984 600 3037 Nam
618 2981 654 3036 de
697 2986 787 3036 tatione
794 2984 882 3051 fatali.
896 2985 1084 3038 Prometheum
1099 2987 1209 3041 Carmei

136 3064 304 3118 ‘Prometheo
332 3063 421 3116 omnia
441 3063 559 3116 fabulosa
582 3062 653 3115 arbi·
695 3063 809 3134 rupibus
827 3063 934 3135 Jupiter
950 3064 1115 3135 alligaverat,
1134 3065 1208 3138 quod

142 3157 212 3209 tror,
232 3160 384 3215 quanquam
409 3142 450 3195 itti
472 3160 579 3213 quoque
601 3141 654 3195 fer·
696 3142 901 3213 perindibrium
911 3142 1126 3215 eihioaerpingui
1139 3158 1207 3199 teoto

143 3242 221 3277 mm
244 3223 354 3275 anulum
378 3220 454 3274 dedit
475 3222 617 3294 antiquitat
644 3239 651 3272 ε
696 3220 725 3273 in
755 3220 880 3275 convivio
908 3222 1071 3293 apposniaret
1095 3244 1101 3275 :
1134 3222 1208 3296 quod

143 3303 334 3373 vinculumque
355 3300 400 3368 id,
413 3318 477 3353 non
501 3313 654 3371 gummeri,
697 3300 786 3370 iguem
796 3300 1208 3376 caeleatememetfuratuezquod

104 3410 108 3413 ·
143 3382 257 3453 intelligi
273 3381 365 3435 voluit.
382 3406 394 3428 ι
409 3381 499 3433 Haan.
697 3377 732 3431 de
754 3392 846 3452 utupro
867 3370 1014 3435 Minervam
1036 3382 1208 3437 eollioitamea

185 3481 215 3514 a.
227 3461 331 3515 Fabula
336 3454 502 3532 primordium.
511 3457 582 3512 Vide
594 3457 655 3511 Ser·
697 3459 767 3511 Eum
782 3471 871 3512 tamen
882 3472 944 3530 ‘poet
956 3460 1049 3526 solvit,
1058 3461 1130 3533 quod
1139 3462 1209 3515 'Phe-

144 3541 219 3594 vium
238 3542 267 3594 in
286 3552 384 3594 textam
397 3538 506 3610 Virgilii
519 3538 653 3608 Eeiogam.
698 3536 762 3591 tidie
776 3556 867 3592 amore
880 3552 988 3610 captus,
1006 3541 1082 3593 abeo
1094 3541 1208 3594 fatorum

143 3619 368 3692 leidorn'e,Orig.
377 3620 425 3672 lib.
435 3618 587 3687 XV1,eap.
603 3620 653 3670 16:
698 3618 810 3687 praecio
837 3618 1018 3688 cognovisset.
1046 3620 1208 3673 nasciturum

148 3696 655 3770 «Primordiagemmarum,inquit,u
700 3715 732 3749 ex
744 3696 858 3750 Thetide
879 3698 964 3751 fllium
986 3708 1061 3768 patre
1080 3702 1208 3769 majorem

144 3798 212 3851 rupe
234 3778 344 3833 Caucasi
367 3778 462 3834 fabula
481 3777 571 3830 ferunt
590 3776 657 3829 Pro·
700 3775 775 3831 fore:
789 3789 814 3830 et
829 3794 931 3829 memor
944 3796 1036 3830 eorum
1048 3777 1210 3847 quaeadver-

144 3858 406 3929 metheumprimum
414 3858 590 3927 fragmentum
601 3854 654 3908 mxi
699 3873 744 3909 ene
759 3869 861 3927 patrem
884 3860 1008 3926 gemeret,
1029 3868 1159 3909 metueret
1177 3874 1210 3909 ne

144 3936 263 4009 ejurdem
279 3936 414 3991 inclusione
427 3936 510 3997 ferro,
524 3954 554 3988 ao
570 3932 656 4006 digito
698 3953 748 4005 pur
766 3933 927 3989 'redderetur
949 3952 955 3987 :
977 3932 1021 3987 aed
1043 3953 1073 3988 ea
1095 3936 1165 4008 iege,
1181 3949 1211 3989 ut

145 4014 656 4087 circumdedisse:iisqueinitiieeoepiue
699 4032 806 4066 suarum
839 4032 976 4085 poenarum
1008 4028 1211 4068 monumentum

145 4098 258 4150 anulum
274 4109 353 4168 atque
372 4113 514 4167 gemmam.
532 4120 544 4140 ι
567 4094 610 4148 Sie
630 4104 656 4147 et
700 4093 809 4146 anulum
828 4094 961 4154 ferreum,
977 4106 1003 4146 et
1017 4111 1142 4147 coronam
1157 4108 1212 4148 tex·

147 4175 346 4230 Marbodeurin
360 4175 463 4246 pruriat.
480 4175 570 4228 liano.
701 4184 753 4225 tam
760 4172 1215 4244 oolligatiefloribuagertarei.Rho·

1016 4254 1078 4337 36³
