3100 5125
272 501 276 510 .
360 443 426 536 178
620 442 660 508 c.
687 442 854 509 monn
879 443 989 510 uir.
1018 443 1143 510 nisu.

356 575 433 644 lecit
462 559 743 644 stadiodromon⁵³
769 571 924 666 Astylon,
946 575 1002 666 qui
1025 571 1187 667 Olympiae
1212 575 1417 645 ostenditur:

355 695 388 752 ct
404 682 511 774 Libyn
526 704 664 775 puerum
674 666 698 709 ⁵⁴
720 694 886 748 tenentem
909 678 1082 764 tabellam,
1100 678 1216 748 eodem
1237 667 1359 762 loco⁵⁵‚
1381 698 1415 750 ct

356 786 439 855 mala
462 787 621 855 ferentem
639 784 779 852 nudum.
801 786 969 879 Syracusis
984 798 1095 853 autem
1116 773 1412 864 claudicantem⁵⁶z

353 894 448 986 cujus
464 890 608 960 hulceris
627 889 775 958 dolorem
790 892 912 960 sentire
925 891 1024 958 etiarn
1043 905 1230 985 spectantes
1248 892 1413 961 videntur.

352 1001 437 1066 Item
448 996 650 1090 Apollinem,
663 1009 915 1124 serpentemque
927 995 997 1088 ejus
1015 998 1140 1090 sagittis
1156 995 1275 1066 confici
1292 1024 1300 1065 :
1316 999 1415 1068 citha·

352 1102 482 1172 roedum
503 1103 559 1196 qui
574 1103 707 1170 Dicaeus
727 1099 933 1197 ⁷appellatus
952 1115 1018 1186 est,
1059 1103 1192 1170 uoniam
1207 1127 1309 1196 quum
1325 1103 1413 1171 The·

351 1209 402 1278 bae
425 1209 468 1276 ab
486 1207 673 1276 Alexandro
694 1221 906 1301 caperentur,
922 1229 1039 1274 aurum
1064 1193 1075 1230 ⁸
1096 1231 1116 1276 a
1135 1207 1281 1301 fugiente
1299 1209 1411 1314 cundi·

351 1329 443 1399 tum,
468 1316 542 1382 sinu
556 1313 627 1406 ejus
641 1311 782 1381 celatum
797 1325 891 1380 esset.
906 1313 967 1380 Hic
983 1313 1109 1406 primus
1127 1336 1248 1383 nervus
1260 1328 1294 1382 et
1311 1338 1414 1382 venas

350 1421 530 1514 expressit,
552 1416 773 1513 capillumque
794 1416 991 1511 diligentius.

349 1621 431 1674 Eliso.
455 1633 524 1693 post.
544 1621 601 1686 v1,
627 1638 687 1691 pag.
714 1619 783 1683 366,
808 1618 856 1673 ubi
901 1617 986 1678 didit.
1012 1617 1094 1672 Eliac.
1112 1620 1246 1689 port.V1,
1265 1636 1325 1690 pag.
1345 1619 1414 1689 367,

348 1700 435 1772 Astyli
460 1701 620 1755 Crotoniatae
645 1711 772 1763 statuam,
799 1717 858 1769 que
902 1717 985 1770 0000
998 1698 1040 1750 vir
1055 1697 1100 1751 ille
1114 1697 1227 1763 dicatur,
1241 1709 1268 1752 et
1279 1697 1353 1769 gravi
1367 1717 1414 1752 ae·

349 1779 482 1833 leontino
506 1797 579 1832 0000
601 1777 766 1839 adscribitur,
789 1797 858 1849 opus
903 1777 1007 1832 cinctus
1016 1789 1158 1830 armatura.
1169 1776 1260 1829 Haeo.

348 1857 859 1930 essePytlragoreadmonet‚quanquam
944 1856 990 1910 ⁵⁵.
1009 1856 1101 1908 Eodem
1115 1857 1176 1908 lom.
1190 1856 1322 1928 Olympio
1336 1854 1414 1910 vide·

349 1937 397 1990 ille
410 1941 482 2010 cujas
496 1937 592 2002 luerit,
606 1956 662 1990 non
679 1935 790 1990 indicat.
806 1935 858 1990 Sed
905 1935 976 1996 licet.
989 1935 1017 1988 in
1026 1933 1113 1988 Elide.
1125 1933 1216 1990 llsan.

349 2017 662 2089 quomalterins‚quam
676 2015 789 2086 Rhegini
805 2033 860 2069 esse
946 2013 990 2068 66.
1033 2013 1225 2067 Claudlcantem.
1260 2013 1416 2068 Alcamenes

350 2097 438 2150 velex
453 2096 540 2149 Plinio
554 2096 726 2168 perspicuam
739 2095 771 2146 sit
786 2112 861 2147 resse
904 2093 982 2147 etiam
997 2091 1217 2146 claudicationem
1236 2093 1349 2148 Vulcani
1369 2112 1416 2148 es-

351 2188 439 2228 autem
455 2175 609 2246 Pythagoras
621 2174 761 2228 Pausanias
773 2173 862 2226 verbis
904 2172 1006 2246 pressit.
1020 2171 1111 2226 Valer.
1131 2173 1241 2228 Maxim.
1265 2173 1311 2226 lib.
1329 2175 1413 2238 vm,

351 2253 487 2325 conceptis
497 2253 645 2325 significet,
655 2253 720 2324 quio
736 2252 861 2306 leontini
905 2271 965 2323 cap.
983 2269 1027 2304 rt.
1043 2251 1134 2306 liano.

275 2392 278 2396 ¹
351 2333 401 2395 sit,
414 2333 524 2385 minime
533 2334 588 2403 jam
601 2331 713 2385 dubium
730 2345 778 2385 est.
795 2333 861 2384 Tres
945 2329 989 2402 57.
1013 2331 1064 2400 Qui
1089 2331 1187 2383 Dicoeus
1211 2331 1344 2403 appellatas
1370 2347 1413 2386 est.

351 2412 434 2482 igitur
454 2429 486 2464 eo
505 2410 612 2464 nomine
631 2410 750 2464 statuarii
770 2411 861 2476 fuere,
905 2411 1019 2474 Δίκαιος,
1029 2409 1212 2482 jusumquod
1228 2412 1367 2481 pecuniam
1386 2413 1414 2466 in

351 2490 508 2562 Rhegium,
537 2491 704 2554 leontinus,
726 2487 830 2544 800600
853 2511 859 2541 z
905 2491 991 2544 sinum
999 2491 1150 2561 ejusstatuae
1158 2489 1303 2554 conditam,
1312 2510 1416 2545 summa

353 2570 426 2642 quod
449 2570 550 2625 Plinius
572 2572 630 2641 ipse
651 2570 780 2635 declarat,
801 2588 862 2623 mox
906 2588 936 2623 ea
949 2568 1002 2622 {ide
1014 2584 1146 2623 servasset.
1163 2570 1280 2624 Similem
1297 2571 1359 2625 bulo
1372 2573 1415 2624 hi·

353 2652 514 2723 subjungens
528 2668 535 2703 ε
550 2666 563 2693 ²
573 2651 636 2703 Fuit
649 2664 676 2705 et
687 2650 754 2704 alius
767 2649 863 2720 Pytha·
906 2650 1014 2703 storiam
1030 2649 1090 2702 ride
1106 2648 1177 2720 apud
1196 2650 1370 2711 Athenaeum.
1386 2653 1415 2713 1,

353 2748 431 2799 goras
441 2727 863 2801 Samios...llicsupradictul'acie
908 2730 1149 2799 pag.19.llevocat
1166 2727 1194 2781 ld
1214 2729 1242 2781 in
1263 2731 1414 2783 memoriam

354 2807 612 2880 quoqueiudiscreta
621 2808 714 2860 similis
720 2807 799 2859 luisse
809 2820 863 2860 tra·
907 2808 1063 2861 Xenocratis
1074 2808 1233 2879 epigramma
1247 2807 1365 2880 lepidum
1381 2828 1414 2862 ex

354 2886 436 2940 ditur.
453 2886 565 2957 Rhegini
579 2899 668 2939 antem
685 2886 861 2956 discipulus...
906 2886 1017 2939 Anthol.
1036 2886 1087 2949 IV,
1104 2887 1144 2940 tit.
1165 2905 1212 2951 sa,
1230 2886 1264 2941 de
1283 2888 1416 2942 Mercurio

355 2968 498 3022 Sostratus.
518 2992 529 3013 ι
543 2966 650 3031 Quibus
666 2966 753 3018 verbis
765 2966 863 3036 Pytha·
906 2966 995 3037 ligneo
1015 2984 1111 3022 aurum
1132 2978 1280 3019 asservaate
1299 2989 1306 3019 ι
1324 2958 1421 3038 istd!

355 3064 445 3117 goram
462 3045 639 3115 tergeminum
651 3056 742 3115 aperte
757 3044 860 3114 signat:
906 3046 989 3115 ξυλίνῳ
1005 3066 1040 3106 τις
1062 3048 1197 3113 innixtae,
1217 3045 1259 3098 ml
1279 3046 1344 3108 ξύλον
1362 3043 1415 3103 sliu,

355 3122 864 3196 Samium,moxalterumsupradictum,
906 3120 969 3176 Εἶτά
982 3146 1022 3193 μιν
1042 3126 1140 3195 eulpae,
1154 3120 1264 3192 χαμάδις
1283 3126 1352 3191 flulti.
1367 3132 1415 3180 Τοῦ

355 3206 398 3256 rui
411 3204 503 3256 similis
515 3202 618 3256 Samius
630 3204 711 3256 fuisse
721 3202 863 3274 perhibea-
906 3194 932 3255 δ’
948 3204 997 3257 ἀπὸ
1015 3206 1100 3275 χρυσὸς
1122 3192 1236 3275 Elpenora
1252 3208 1413 3275 κατιγύντος.

354 3298 416 3335 tur:
431 3295 610 3353 postremum,
624 3283 784 3353 Rheginum.
798 3282 831 3336 ll.
906 3270 978 3353 'lete
988 3285 1046 3355 πόρε
1060 3287 1163 3337 acuatu
1175 3279 1269 3354 κέρδος.
1285 3310 1296 3332 ι
1309 3286 1416 3339 610000-

395 3362 440 3415 53.
456 3361 648 3415 Stadiodmmon.
662 3358 864 3433 Zeudsadpa'pcu‚
906 3363 977 3415 rium
993 3382 1025 3415 ex
1042 3362 1114 3434 ligno
1131 3363 1170 3415 vir
1186 3363 1241 3415 adit
1261 3382 1340 3433 prece
1353 3384 1360 3418 τ
1375 3367 1413 3418 nil

354 3442 437 3512 quiin
449 3442 863 3513 stadiocursucertat.DeAstylo
907 3442 957 3494 nisi
972 3442 1072 3513 lignum
1088 3443 1135 3494 Ille
1147 3455 1219 3496 erat:
1234 3444 1371 3497 interram
1386 3446 1413 3498 vi

353 3520 506 3573 Crotoniatas
529 3538 652 3584 cursore,
666 3521 741 3574 Plato
760 3519 794 3573 de
812 3522 861 3574 Le·
907 3530 999 3592 magns
1020 3519 1129 3593 dejicit:
1146 3538 1241 3575 aurum
1262 3522 1378 3577 Profluit
1398 3544 1415 3577 e

352 3600 407 3669 gib.
420 3600 500 3662 vttt,
513 3599 620 3672 aliique.
630 3600 685 3653 Ter
697 3601 720 3652 is
733 3590 861 3669 ὁλυμπιο·
905 3603 997 3654 fracto.
1013 3599 1064 3653 Dat
1077 3618 1147 3671 saepe
1160 3600 1257 3671 injuria
1269 3602 1382 3657 lucrum.
1398 3630 1411 3651 ι

352 3682 419 3739 νίκης
432 3679 489 3731 tuit.
504 3678 595 3731 Hans).
906 3681 996 3733 liano.

393 3760 439 3821 66.
454 3758 532 3829 Libyn
550 3776 657 3827 peresam.
679 3760 771 3823 Quum
792 3776 859 3827 puer
945 3762 990 3815 58.
1006 3760 1110 3811 Aurum.
1125 3758 1285 3830 Profugiens
1298 3777 1329 3811 ex
1345 3761 1414 3814 urbe

351 3837 558 3908 hicappelletnr,
566 3838 649 3890 miror
657 3836 857 3906 Delecampium
903 3836 1027 3908 quidam,
1042 3838 1069 3889 in
1082 3839 1169 3891 sinum
1178 3840 1234 3909 ejus
1244 3851 1335 3891 statuar
1347 3857 1414 3892 con·

350 3916 509 3969 existimasse
541 3915 675 3969 Mneseam
698 3919 858 3987 Cyrenaeum
902 3916 1001 3979 dium,
1021 3917 1180 3988 celatamque
1200 3918 1414 3987 000010ἱο00,οε-

349 3995 476 4065 0011ῂί,
494 3996 695 4067 cujmcotatam
712 3996 828 4066 effigiem
843 4014 857 4049 a
902 3995 976 4049 diens
994 3997 1121 4067 integram
1142 3998 1319 4067 intactamque
1333 4014 1412 4067 repe·

348 4073 495 4145 Pythagora
506 4074 627 4147 lllsegino
643 4076 783 4129 Pausanias
794 4094 857 4145 pro·
902 4076 946 4129 rit.
961 4076 1053 4131 Hsau.
1400 4070 1402 4075 ’
