<?xml version="1.0" encoding="UTF-8"?>
<!DOCTYPE html PUBLIC "-//W3C//DTD XHTML 1.0 Transitional//EN"
    "http://www.w3.org/TR/xhtml1/DTD/xhtml1-transitional.dtd">
<html xmlns="http://www.w3.org/1999/xhtml" xml:lang="en" lang="en">
 <head>
  <title>
</title>
<meta http-equiv="Content-Type" content="text/html;charset=utf-8" />
  <meta name='ocr-system' content='tesseract 3.04.00' />
  <meta name='ocr-capabilities' content='ocr_page ocr_carea ocr_par ocr_line ocrx_word'/>
</head>
<body>
  <div class='ocr_page' id='page_1' title='image "./caiipliniisecun00hardgoog_0164.png"; bbox 0 0 3100 5125; ppageno 0'>
   <div class='ocr_carea' id='block_1_1' title="bbox 326 545 1425 2041">
    <p class='ocr_par' dir='ltr' id='par_1_1' title="bbox 364 545 1425 882">
     <span class='ocr_line' id='line_1_1' title="bbox 368 545 1157 644; baseline -0.005 -27"><span class='ocrx_word' id='word_1_1' title='bbox 368 545 435 619; x_wconf 81' lang='lat'><strong>156</strong></span> <span class='ocrx_word' id='word_1_2' title='bbox 633 551 671 618; x_wconf 89' lang='lat' dir='ltr'><strong>C.</strong></span> <span class='ocrx_word' id='word_1_3' title='bbox 698 548 864 644; x_wconf 57' lang='lat' dir='ltr'>PL1N121</span> <span class='ocrx_word' id='word_1_4' title='bbox 890 551 999 620; x_wconf 83' lang='lat' dir='ltr'><strong>NAT.</strong></span> <span class='ocrx_word' id='word_1_5' title='bbox 1026 548 1157 616; x_wconf 90' lang='lat' dir='ltr'><strong>HIST.</strong></span> 
     </span>
     <span class='ocr_line' id='line_1_2' title="bbox 364 665 1425 777; baseline -0.004 -27"><span class='ocrx_word' id='word_1_6' title='bbox 364 683 435 750; x_wconf 88' lang='lat' dir='ltr'><strong>sine</strong></span> <span class='ocrx_word' id='word_1_7' title='bbox 450 667 606 750; x_wconf 79' lang='lat' dir='ltr'><strong>amento⁴</strong></span> <span class='ocrx_word' id='word_1_8' title='bbox 620 683 775 777; x_wconf 85' lang='lat' dir='ltr'><strong>insignis,</strong></span> <span class='ocrx_word' id='word_1_9' title='bbox 800 685 834 750; x_wconf 94' lang='lat' dir='ltr'><strong>in</strong></span> <span class='ocrx_word' id='word_1_10' title='bbox 852 680 977 752; x_wconf 85' lang='lat' dir='ltr'><strong>Metelli</strong></span> <span class='ocrx_word' id='word_1_11' title='bbox 1000 678 1131 774; x_wconf 88' lang='lat' dir='ltr'><strong>publica</strong></span> <span class='ocrx_word' id='word_1_12' title='bbox 1149 665 1299 773; x_wconf 86' lang='lat' dir='ltr'><strong>porticu⁵</strong></span> <span class='ocrx_word' id='word_1_13' title='bbox 1322 697 1330 739; x_wconf 73' lang='grc' dir='ltr'>ε</span> <span class='ocrx_word' id='word_1_14' title='bbox 1350 705 1425 773; x_wconf 74' lang='lat' dir='ltr'><strong>quac</strong></span> 
     </span>
     <span class='ocr_line' id='line_1_3' title="bbox 364 787 1055 882; baseline -0.006 -25"><span class='ocrx_word' id='word_1_15' title='bbox 364 801 472 857; x_wconf 84' lang='lat' dir='ltr'><strong>statua</strong></span> <span class='ocrx_word' id='word_1_16' title='bbox 490 811 579 856; x_wconf 93' lang='lat' dir='ltr'><strong>nunc</strong></span> <span class='ocrx_word' id='word_1_17' title='bbox 597 801 646 857; x_wconf 86' lang='lat' dir='ltr'><strong>est</strong></span> <span class='ocrx_word' id='word_1_18' title='bbox 668 789 701 857; x_wconf 92' lang='lat' dir='ltr'><strong>in</strong></span> <span class='ocrx_word' id='word_1_19' title='bbox 721 791 872 857; x_wconf 82' lang='lat' dir='ltr'><strong>Octavioe</strong></span> <span class='ocrx_word' id='word_1_20' title='bbox 890 787 1055 882; x_wconf 78' lang='lat' dir='ltr'><strong>operibus.</strong></span> 
     </span>
    </p>

    <p class='ocr_par' dir='ltr' id='par_1_2' title="bbox 333 888 1422 1093">
     <span class='ocr_line' id='line_1_4' title="bbox 333 888 1420 985; baseline -0.004 -24"><span class='ocrx_word' id='word_1_21' title='bbox 333 918 344 948; x_wconf 85' lang='lat'>¹</span> <span class='ocrx_word' id='word_1_22' title='bbox 416 895 491 961; x_wconf 85' lang='lat' dir='ltr'><strong>XV.</strong></span> <span class='ocrx_word' id='word_1_23' title='bbox 507 892 641 963; x_wconf 83' lang='lat' dir='ltr'>Publice</span> <span class='ocrx_word' id='word_1_24' title='bbox 655 907 765 962; x_wconf 90' lang='lat' dir='ltr'><strong>autem</strong></span> <span class='ocrx_word' id='word_1_25' title='bbox 775 894 817 962; x_wconf 89' lang='lat' dir='ltr'><strong>ah</strong></span> <span class='ocrx_word' id='word_1_26' title='bbox 832 895 952 963; x_wconf 84' lang='lat' dir='ltr'><strong>exteris</strong></span> <span class='ocrx_word' id='word_1_27' title='bbox 963 895 1069 985; x_wconf 86' lang='lat' dir='ltr'><strong>posita</strong></span> <span class='ocrx_word' id='word_1_28' title='bbox 1079 904 1129 958; x_wconf 93' lang='lat' dir='ltr'><strong>est</strong></span> <span class='ocrx_word' id='word_1_29' title='bbox 1140 892 1254 958; x_wconf 83' lang='lat' dir='ltr'><strong>Romae</strong></span> <span class='ocrx_word' id='word_1_30' title='bbox 1266 892 1303 958; x_wconf 91' lang='lat' dir='ltr'><strong>C.</strong></span> <span class='ocrx_word' id='word_1_31' title='bbox 1318 888 1420 957; x_wconf 85' lang='lat' dir='ltr'><strong>AElio&#39;</strong></span> 
     </span>
     <span class='ocr_line' id='line_1_5' title="bbox 364 993 1422 1093; baseline -0.002 -27"><span class='ocrx_word' id='word_1_32' title='bbox 364 999 498 1067; x_wconf 92' lang='lat' dir='ltr'><strong>tribuno</strong></span> <span class='ocrx_word' id='word_1_33' title='bbox 522 995 641 1091; x_wconf 88' lang='lat' dir='ltr'><strong>plebis,</strong></span> <span class='ocrx_word' id='word_1_34' title='bbox 667 997 738 1093; x_wconf 84' lang='lat' dir='ltr'><strong>lege</strong></span> <span class='ocrx_word' id='word_1_35' title='bbox 755 997 901 1093; x_wconf 86' lang='lat' dir='ltr'><strong>perlata²</strong></span> <span class='ocrx_word' id='word_1_36' title='bbox 918 1001 952 1066; x_wconf 90' lang='lat' dir='ltr'><strong>in</strong></span> <span class='ocrx_word' id='word_1_37' title='bbox 970 999 1119 1067; x_wconf 89' lang='lat' dir='ltr'><strong>Stenium</strong></span> <span class='ocrx_word' id='word_1_38' title='bbox 1135 993 1297 1064; x_wconf 88' lang='lat' dir='ltr'><strong>Statilium</strong></span> <span class='ocrx_word' id='word_1_39' title='bbox 1315 997 1422 1064; x_wconf 84' lang='lat' dir='ltr'><strong>Lucu·</strong></span> 
     </span>
    </p>

    <p class='ocr_par' dir='ltr' id='par_1_3' title="bbox 326 1089 1423 1806">
     <span class='ocr_line' id='line_1_6' title="bbox 326 1089 1422 1196; baseline -0.002 -26"><span class='ocrx_word' id='word_1_40' title='bbox 326 1120 328 1123; x_wconf 69' lang='lat'>·</span> <span class='ocrx_word' id='word_1_41' title='bbox 363 1089 473 1190; x_wconf 80' lang='lat' dir='ltr'><strong>num³‚</strong></span> <span class='ocrx_word' id='word_1_42' title='bbox 489 1105 545 1196; x_wconf 91' lang='lat' dir='ltr'><strong>qui</strong></span> <span class='ocrx_word' id='word_1_43' title='bbox 556 1103 723 1173; x_wconf 90' lang='lat' dir='ltr'><strong>Thurinos</strong></span> <span class='ocrx_word' id='word_1_44' title='bbox 732 1106 782 1174; x_wconf 89' lang='lat' dir='ltr'><strong>bis</strong></span> <span class='ocrx_word' id='word_1_45' title='bbox 792 1105 1019 1174; x_wconf 81' lang='lat' dir='ltr'>infestaverat:</span> <span class='ocrx_word' id='word_1_46' title='bbox 1034 1103 1079 1170; x_wconf 89' lang='lat' dir='ltr'><strong>ob</strong></span> <span class='ocrx_word' id='word_1_47' title='bbox 1097 1100 1130 1169; x_wconf 93' lang='lat' dir='ltr'><strong>id</strong></span> <span class='ocrx_word' id='word_1_48' title='bbox 1149 1100 1268 1170; x_wconf 87' lang='lat' dir='ltr'><strong>AElium</strong></span> <span class='ocrx_word' id='word_1_49' title='bbox 1282 1100 1422 1168; x_wconf 84' lang='lat' dir='ltr'>Thurini</span> 
     </span>
     <span class='ocr_line' id='line_1_7' title="bbox 359 1206 1422 1300; baseline -0.004 -22"><span class='ocrx_word' id='word_1_50' title='bbox 359 1222 472 1278; x_wconf 82' lang='lat' dir='ltr'><strong>statua</strong></span> <span class='ocrx_word' id='word_1_51' title='bbox 497 1223 531 1278; x_wconf 90' lang='lat' dir='ltr'><strong>et</strong></span> <span class='ocrx_word' id='word_1_52' title='bbox 555 1234 678 1278; x_wconf 86' lang='lat' dir='ltr'><strong>corona</strong></span> <span class='ocrx_word' id='word_1_53' title='bbox 696 1235 796 1279; x_wconf 90' lang='lat' dir='ltr'><strong>aurea</strong></span> <span class='ocrx_word' id='word_1_54' title='bbox 813 1211 1032 1280; x_wconf 87' lang='lat' dir='ltr'><strong>donaverunt.</strong></span> <span class='ocrx_word' id='word_1_55' title='bbox 1054 1206 1157 1275; x_wconf 85' lang='lat' dir='ltr'><strong>Iidem</strong></span> <span class='ocrx_word' id='word_1_56' title='bbox 1175 1220 1288 1300; x_wconf 88' lang='lat' dir='ltr'><strong>postea</strong></span> <span class='ocrx_word' id='word_1_57' title='bbox 1309 1206 1422 1274; x_wconf 84' lang='lat' dir='ltr'><strong>Fabri-</strong></span> 
     </span>
     <span class='ocr_line' id='line_1_8' title="bbox 364 1297 1423 1405; baseline -0.004 -22"><span class='ocrx_word' id='word_1_58' title='bbox 364 1301 471 1384; x_wconf 75' lang='lat' dir='ltr'><strong>cium⁴</strong></span> <span class='ocrx_word' id='word_1_59' title='bbox 500 1315 665 1384; x_wconf 81' lang='lat' dir='ltr'>donavere</span> <span class='ocrx_word' id='word_1_60' title='bbox 688 1331 815 1402; x_wconf 86' lang='lat' dir='ltr'><strong>statua,</strong></span> <span class='ocrx_word' id='word_1_61' title='bbox 845 1315 973 1384; x_wconf 87' lang='lat' dir='ltr'><strong>liberati</strong></span> <span class='ocrx_word' id='word_1_62' title='bbox 1001 1312 1195 1383; x_wconf 87' lang='lat' dir='ltr'>obsidione:</span> <span class='ocrx_word' id='word_1_63' title='bbox 1219 1297 1423 1405; x_wconf 81' lang='lat' dir='ltr'><strong>passimque⁵</strong></span> 
     </span>
     <span class='ocr_line' id='line_1_9' title="bbox 363 1418 1423 1516; baseline -0.004 -28"><span class='ocrx_word' id='word_1_64' title='bbox 363 1434 476 1514; x_wconf 78' lang='lat' dir='ltr'><strong>gentes</strong></span> <span class='ocrx_word' id='word_1_65' title='bbox 497 1422 531 1488; x_wconf 93' lang='lat' dir='ltr'><strong>in</strong></span> <span class='ocrx_word' id='word_1_66' title='bbox 557 1420 724 1491; x_wconf 83' lang='lat' dir='ltr'><strong>clientelas</strong></span> <span class='ocrx_word' id='word_1_67' title='bbox 751 1424 796 1490; x_wconf 91' lang='lat' dir='ltr'><strong>ita</strong></span> <span class='ocrx_word' id='word_1_68' title='bbox 829 1436 968 1516; x_wconf 85' lang='lat' dir='ltr'><strong>receptae</strong></span> <span class='ocrx_word' id='word_1_69' title='bbox 991 1446 998 1488; x_wconf 91' lang='lat'><strong>:</strong></span> <span class='ocrx_word' id='word_1_70' title='bbox 1023 1419 1106 1487; x_wconf 90' lang='lat' dir='ltr'><strong>adeo</strong></span> <span class='ocrx_word' id='word_1_71' title='bbox 1127 1418 1301 1486; x_wconf 82' lang='lat' dir='ltr'><strong>discrimen</strong></span> <span class='ocrx_word' id='word_1_72' title='bbox 1323 1442 1423 1486; x_wconf 88' lang='lat' dir='ltr'><strong>omne</strong></span> 
     </span>
     <span class='ocr_line' id='line_1_10' title="bbox 362 1520 1423 1612; baseline -0.003 -19"><span class='ocrx_word' id='word_1_73' title='bbox 362 1524 542 1612; x_wconf 89' lang='lat' dir='ltr'><strong>sublatum,</strong></span> <span class='ocrx_word' id='word_1_74' title='bbox 560 1541 598 1594; x_wconf 92' lang='lat' dir='ltr'><strong>ut</strong></span> <span class='ocrx_word' id='word_1_75' title='bbox 620 1526 812 1596; x_wconf 83' lang='lat' dir='ltr'><strong>Hannibalis</strong></span> <span class='ocrx_word' id='word_1_76' title='bbox 830 1528 929 1596; x_wconf 87' lang='lat' dir='ltr'><strong>etiam</strong></span> <span class='ocrx_word' id='word_1_77' title='bbox 948 1540 1063 1595; x_wconf 75' lang='lat' dir='ltr'><strong>statue</strong></span> <span class='ocrx_word' id='word_1_78' title='bbox 1089 1523 1194 1592; x_wconf 89' lang='lat' dir='ltr'><strong>tribus</strong></span> <span class='ocrx_word' id='word_1_79' title='bbox 1217 1520 1297 1590; x_wconf 87' lang='lat' dir='ltr'><strong>loeis</strong></span> <span class='ocrx_word' id='word_1_80' title='bbox 1318 1525 1423 1590; x_wconf 86' lang='lat' dir='ltr'><strong>visan-</strong></span> 
     </span>
     <span class='ocr_line' id='line_1_11' title="bbox 362 1618 1423 1727; baseline -0.002 -29"><span class='ocrx_word' id='word_1_81' title='bbox 362 1644 417 1699; x_wconf 89' lang='lat' dir='ltr'><strong>tur</strong></span> <span class='ocrx_word' id='word_1_82' title='bbox 439 1632 474 1699; x_wconf 94' lang='lat' dir='ltr'><strong>in</strong></span> <span class='ocrx_word' id='word_1_83' title='bbox 501 1632 600 1716; x_wconf 84' lang='lat' dir='ltr'><strong>urbe,</strong></span> <span class='ocrx_word' id='word_1_84' title='bbox 629 1618 742 1727; x_wconf 80' lang='lat' dir='ltr'><strong>cujus⁶</strong></span> <span class='ocrx_word' id='word_1_85' title='bbox 769 1635 856 1701; x_wconf 88' lang='lat' dir='ltr'><strong>intra</strong></span> <span class='ocrx_word' id='word_1_86' title='bbox 884 1657 997 1701; x_wconf 88' lang='lat' dir='ltr'><strong>muros</strong></span> <span class='ocrx_word' id='word_1_87' title='bbox 1030 1629 1118 1699; x_wconf 91' lang='lat' dir='ltr'><strong>solus</strong></span> <span class='ocrx_word' id='word_1_88' title='bbox 1143 1628 1287 1698; x_wconf 89' lang='lat' dir='ltr'><strong>hostium</strong></span> <span class='ocrx_word' id='word_1_89' title='bbox 1315 1629 1423 1697; x_wconf 87' lang='lat' dir='ltr'><strong>emisit</strong></span> 
     </span>
     <span class='ocr_line' id='line_1_12' title="bbox 362 1735 553 1806; baseline 0.005 -1"><span class='ocrx_word' id='word_1_90' title='bbox 362 1735 501 1806; x_wconf 84' lang='lat' dir='ltr'><strong>hastam·</strong></span> <span class='ocrx_word' id='word_1_91' title='bbox 549 1781 553 1788; x_wconf 43' lang='grc' dir='ltr'><em>ι</em></span> 
     </span>
    </p>

    <p class='ocr_par' dir='ltr' id='par_1_4' title="bbox 330 1833 1422 2041">
     <span class='ocr_line' id='line_1_13' title="bbox 330 1833 1422 1934; baseline -0.005 -23"><span class='ocrx_word' id='word_1_92' title='bbox 330 1857 343 1891; x_wconf 92' lang='lat'><em>¹</em></span> <span class='ocrx_word' id='word_1_93' title='bbox 407 1833 1422 1934; x_wconf 83' lang='lat' dir='ltr'><strong>XVI.(vrr.)Fuisscauternstatuariamartemfamiliaremlta-</strong></span> 
     </span>
     <span class='ocr_line' id='line_1_14' title="bbox 361 1943 1420 2041; baseline -0.003 -26"><span class='ocrx_word' id='word_1_94' title='bbox 361 1943 592 2041; x_wconf 80' lang='lat' dir='ltr'><strong>liaequoqueet</strong></span> <span class='ocrx_word' id='word_1_95' title='bbox 602 1947 954 2035; x_wconf 85' lang='lat' dir='ltr'><strong>vetustam,indicant,</strong></span> <span class='ocrx_word' id='word_1_96' title='bbox 972 1944 1129 2016; x_wconf 89' lang='lat' dir='ltr'><strong>Hercules</strong></span> <span class='ocrx_word' id='word_1_97' title='bbox 1144 1943 1187 2012; x_wconf 85' lang='lat' dir='ltr'><strong>ab</strong></span> <span class='ocrx_word' id='word_1_98' title='bbox 1195 1943 1351 2014; x_wconf 88' lang='lat' dir='ltr'><strong>Evandro</strong></span> <span class='ocrx_word' id='word_1_99' title='bbox 1365 1969 1420 2012; x_wconf 86' lang='lat' dir='ltr'><strong>sa·</strong></span> 
     </span>
    </p>
   </div>
   <div class='ocr_carea' id='block_1_2' title="bbox 253 2179 1471 4231">
    <p class='ocr_par' dir='ltr' id='par_1_5' title="bbox 253 2179 1471 4231">
     <span class='ocr_line' id='line_1_15' title="bbox 253 2179 1419 2253; baseline 0 -21"><span class='ocrx_word' id='word_1_100' title='bbox 253 2220 256 2224; x_wconf 36' lang='lat'><em>1</em></span> <span class='ocrx_word' id='word_1_101' title='bbox 361 2181 478 2236; x_wconf 85' lang='lat' dir='ltr'><strong>nummis</strong></span> <span class='ocrx_word' id='word_1_102' title='bbox 487 2181 602 2253; x_wconf 81' lang='lat' dir='ltr'><strong>antiquis</strong></span> <span class='ocrx_word' id='word_1_103' title='bbox 612 2201 685 2236; x_wconf 80' lang='lat' dir='ltr'><strong>casus</strong></span> <span class='ocrx_word' id='word_1_104' title='bbox 694 2183 808 2238; x_wconf 86' lang='lat' dir='ltr'><strong>Gracchi</strong></span> <span class='ocrx_word' id='word_1_105' title='bbox 820 2201 869 2235; x_wconf 91' lang='lat' dir='ltr'><strong>no·</strong></span> <span class='ocrx_word' id='word_1_106' title='bbox 955 2203 980 2235; x_wconf 81' lang='lat' dir='ltr'><strong>s.</strong></span> <span class='ocrx_word' id='word_1_107' title='bbox 1000 2183 1065 2251; x_wconf 72' lang='lat' dir='ltr'><strong>Lege</strong></span> <span class='ocrx_word' id='word_1_108' title='bbox 1077 2183 1183 2249; x_wconf 79' lang='lat' dir='ltr'><strong>perlata.</strong></span> <span class='ocrx_word' id='word_1_109' title='bbox 1199 2181 1258 2245; x_wconf 85' lang='lat' dir='ltr'><strong>Qua</strong></span> <span class='ocrx_word' id='word_1_110' title='bbox 1273 2180 1295 2232; x_wconf 87' lang='lat' dir='ltr'><strong>is</strong></span> <span class='ocrx_word' id='word_1_111' title='bbox 1312 2179 1419 2232; x_wconf 77' lang='lat' dir='ltr'><strong>damus·</strong></span> 
     </span>
     <span class='ocr_line' id='line_1_16' title="bbox 361 2258 1359 2332; baseline 0.002 -22"><span class='ocrx_word' id='word_1_112' title='bbox 361 2258 502 2314; x_wconf 82' lang='lat' dir='ltr'><strong>minativus</strong></span> <span class='ocrx_word' id='word_1_113' title='bbox 520 2279 623 2332; x_wconf 81' lang='lat' dir='ltr'><strong>semper</strong></span> <span class='ocrx_word' id='word_1_114' title='bbox 643 2279 760 2316; x_wconf 80' lang='lat' dir='ltr'><strong>ossccvs</strong></span> <span class='ocrx_word' id='word_1_115' title='bbox 779 2263 870 2316; x_wconf 87' lang='lat' dir='ltr'><strong>scribi·</strong></span> <span class='ocrx_word' id='word_1_116' title='bbox 912 2275 984 2316; x_wconf 88' lang='lat' dir='ltr'><strong>retur</strong></span> <span class='ocrx_word' id='word_1_117' title='bbox 1000 2274 1028 2314; x_wconf 94' lang='lat' dir='ltr'><strong>ut</strong></span> <span class='ocrx_word' id='word_1_118' title='bbox 1047 2260 1168 2332; x_wconf 86' lang='lat' dir='ltr'><strong>publicus</strong></span> <span class='ocrx_word' id='word_1_119' title='bbox 1184 2259 1278 2312; x_wconf 86' lang='lat' dir='ltr'><strong>hostis.</strong></span> <span class='ocrx_word' id='word_1_120' title='bbox 1292 2259 1359 2312; x_wconf 69' lang='lat' dir='ltr'><strong>Du.</strong></span> 
     </span>
     <span class='ocr_line' id='line_1_17' title="bbox 361 2336 1418 2413; baseline -0.001 -23"><span class='ocrx_word' id='word_1_121' title='bbox 361 2349 414 2403; x_wconf 83' lang='lat' dir='ltr'><strong>tur,</strong></span> <span class='ocrx_word' id='word_1_122' title='bbox 426 2359 481 2393; x_wconf 88' lang='lat' dir='ltr'><strong>non</strong></span> <span class='ocrx_word' id='word_1_123' title='bbox 499 2356 648 2405; x_wconf 76' lang='lat' dir='ltr'><strong>ousccuvs,</strong></span> <span class='ocrx_word' id='word_1_124' title='bbox 664 2342 785 2412; x_wconf 83' lang='lat' dir='ltr'><strong>quamvis</strong></span> <span class='ocrx_word' id='word_1_125' title='bbox 797 2340 868 2413; x_wconf 90' lang='lat' dir='ltr'><strong>apud</strong></span> <span class='ocrx_word' id='word_1_126' title='bbox 954 2339 1095 2394; x_wconf 64' lang='lat' dir='ltr'><strong>&amp;Sternunt</strong></span> <span class='ocrx_word' id='word_1_127' title='bbox 1102 2336 1418 2392; x_wconf 79' lang='lat' dir='ltr'><strong>StatiliumLueanum.Sta·</strong></span> 
     </span>
     <span class='ocr_line' id='line_1_18' title="bbox 360 2415 1420 2491; baseline 0 -23"><span class='ocrx_word' id='word_1_128' title='bbox 360 2416 431 2471; x_wconf 84' lang='lat' dir='ltr'><strong>Plut.</strong></span> <span class='ocrx_word' id='word_1_129' title='bbox 440 2418 551 2488; x_wconf 76' lang='grc' dir='ltr'>Γράκχος</span> <span class='ocrx_word' id='word_1_130' title='bbox 562 2420 603 2472; x_wconf 71' lang='lat' dir='ltr'><strong>sit.</strong></span> <span class='ocrx_word' id='word_1_131' title='bbox 618 2419 710 2475; x_wconf 78' lang='lat' dir='ltr'><strong>Hsnn.</strong></span> <span class='ocrx_word' id='word_1_132' title='bbox 782 2478 788 2491; x_wconf 52' lang='grc'>,</span> <span class='ocrx_word' id='word_1_133' title='bbox 912 2419 978 2473; x_wconf 88' lang='lat' dir='ltr'><strong>tium</strong></span> <span class='ocrx_word' id='word_1_134' title='bbox 992 2419 1122 2473; x_wconf 86' lang='lat' dir='ltr'><strong>Statilium</strong></span> <span class='ocrx_word' id='word_1_135' title='bbox 1132 2415 1258 2470; x_wconf 87' lang='lat' dir='ltr'><strong>mendose</strong></span> <span class='ocrx_word' id='word_1_136' title='bbox 1269 2435 1319 2487; x_wconf 87' lang='lat' dir='ltr'><strong>pro</strong></span> <span class='ocrx_word' id='word_1_137' title='bbox 1328 2416 1420 2470; x_wconf 88' lang='lat' dir='ltr'><strong>Stenio</strong></span> 
     </span>
     <span class='ocr_line' id='line_1_19' title="bbox 401 2495 1420 2561; baseline -0.001 -12"><span class='ocrx_word' id='word_1_138' title='bbox 401 2502 428 2560; x_wconf 67' lang='grc'><strong>4.</strong></span> <span class='ocrx_word' id='word_1_139' title='bbox 439 2495 497 2550; x_wconf 80' lang='lat' dir='ltr'><strong>Sine</strong></span> <span class='ocrx_word' id='word_1_140' title='bbox 510 2512 613 2551; x_wconf 78' lang='lat' dir='ltr'><strong>umento.</strong></span> <span class='ocrx_word' id='word_1_141' title='bbox 628 2499 690 2552; x_wconf 89' lang='lat' dir='ltr'><strong>Siue</strong></span> <span class='ocrx_word' id='word_1_142' title='bbox 700 2500 768 2552; x_wconf 89' lang='lat' dir='ltr'><strong>loro.</strong></span> <span class='ocrx_word' id='word_1_143' title='bbox 782 2501 817 2552; x_wconf 88' lang='grc' dir='ltr'><strong>Η.</strong></span> <span class='ocrx_word' id='word_1_144' title='bbox 912 2498 1014 2553; x_wconf 72' lang='lat' dir='ltr'><strong>Statilio</strong></span> <span class='ocrx_word' id='word_1_145' title='bbox 1027 2509 1105 2551; x_wconf 85' lang='lat' dir='ltr'><strong>vocat</strong></span> <span class='ocrx_word' id='word_1_146' title='bbox 1116 2497 1176 2550; x_wconf 81' lang='lat' dir='ltr'><strong>vn.</strong></span> <span class='ocrx_word' id='word_1_147' title='bbox 1188 2497 1257 2550; x_wconf 81' lang='lat' dir='ltr'><strong>Mox.</strong></span> <span class='ocrx_word' id='word_1_148' title='bbox 1271 2496 1299 2561; x_wconf 88' lang='lat'><strong>1,</strong></span> <span class='ocrx_word' id='word_1_149' title='bbox 1313 2497 1341 2559; x_wconf 81' lang='grc'><strong>8,</strong></span> <span class='ocrx_word' id='word_1_150' title='bbox 1353 2515 1379 2548; x_wconf 88' lang='lat' dir='ltr'><strong>n.</strong></span> <span class='ocrx_word' id='word_1_151' title='bbox 1391 2499 1420 2548; x_wconf 83' lang='lat'><strong>6.</strong></span> 
     </span>
     <span class='ocr_line' id='line_1_20' title="bbox 401 2574 1419 2650; baseline -0.001 -21"><span class='ocrx_word' id='word_1_152' title='bbox 401 2578 427 2632; x_wconf 75' lang='lat'><strong>5.</strong></span> <span class='ocrx_word' id='word_1_153' title='bbox 441 2579 473 2629; x_wconf 85' lang='lat' dir='ltr'><strong>In</strong></span> <span class='ocrx_word' id='word_1_154' title='bbox 484 2578 578 2631; x_wconf 82' lang='lat' dir='ltr'><strong>Metelli</strong></span> <span class='ocrx_word' id='word_1_155' title='bbox 583 2578 681 2649; x_wconf 80' lang='lat' dir='ltr'><strong>publico</strong></span> <span class='ocrx_word' id='word_1_156' title='bbox 689 2584 794 2650; x_wconf 83' lang='lat' dir='ltr'><strong>porticu.</strong></span> <span class='ocrx_word' id='word_1_157' title='bbox 806 2579 868 2631; x_wconf 87' lang='lat' dir='ltr'><strong>Pin·</strong></span> <span class='ocrx_word' id='word_1_158' title='bbox 911 2581 1079 2633; x_wconf 74' lang='lat' dir='ltr'><strong>Lucanorum</strong></span> <span class='ocrx_word' id='word_1_159' title='bbox 1101 2578 1307 2647; x_wconf 86' lang='lat' dir='ltr'><strong>Brutiorumque</strong></span> <span class='ocrx_word' id='word_1_160' title='bbox 1325 2574 1419 2629; x_wconf 86' lang='lat' dir='ltr'><strong>ducem</strong></span> 
     </span>
     <span class='ocr_line' id='line_1_21' title="bbox 359 2654 1420 2729; baseline -0.002 -20"><span class='ocrx_word' id='word_1_161' title='bbox 359 2656 432 2727; x_wconf 78' lang='lat' dir='ltr'><strong>gitur</strong></span> <span class='ocrx_word' id='word_1_162' title='bbox 449 2656 505 2710; x_wconf 69' lang='lat' dir='ltr'><strong>hnc</strong></span> <span class='ocrx_word' id='word_1_163' title='bbox 527 2659 644 2728; x_wconf 86' lang='lat' dir='ltr'><strong>porticus</strong></span> <span class='ocrx_word' id='word_1_164' title='bbox 661 2658 689 2711; x_wconf 88' lang='lat' dir='ltr'><strong>in</strong></span> <span class='ocrx_word' id='word_1_165' title='bbox 709 2659 868 2711; x_wconf 83' lang='lat' dir='ltr'><strong>numismate</strong></span> <span class='ocrx_word' id='word_1_166' title='bbox 911 2658 938 2711; x_wconf 90' lang='lat' dir='ltr'><strong>in</strong></span> <span class='ocrx_word' id='word_1_167' title='bbox 959 2678 991 2711; x_wconf 88' lang='lat' dir='ltr'><strong>eo</strong></span> <span class='ocrx_word' id='word_1_168' title='bbox 1015 2658 1103 2720; x_wconf 84' lang='lat' dir='ltr'><strong>bello,</strong></span> <span class='ocrx_word' id='word_1_169' title='bbox 1126 2676 1179 2729; x_wconf 88' lang='lat' dir='ltr'><strong>quo</strong></span> <span class='ocrx_word' id='word_1_170' title='bbox 1202 2656 1301 2727; x_wconf 75' lang='lat' dir='ltr'><strong>gemini</strong></span> <span class='ocrx_word' id='word_1_171' title='bbox 1325 2654 1420 2726; x_wconf 89' lang='lat' dir='ltr'><strong>populi</strong></span> 
     </span>
     <span class='ocr_line' id='line_1_22' title="bbox 358 2732 1418 2807; baseline 0 -20"><span class='ocrx_word' id='word_1_172' title='bbox 358 2735 455 2788; x_wconf 82' lang='lat' dir='ltr'><strong>eximio</strong></span> <span class='ocrx_word' id='word_1_173' title='bbox 468 2750 602 2806; x_wconf 76' lang='lat' dir='ltr'><strong>argenteo,</strong></span> <span class='ocrx_word' id='word_1_174' title='bbox 611 2756 626 2789; x_wconf 87' lang='lat' dir='ltr'><strong>e</strong></span> <span class='ocrx_word' id='word_1_175' title='bbox 635 2737 706 2791; x_wconf 75' lang='lat' dir='ltr'><strong>Gen</strong></span> <span class='ocrx_word' id='word_1_176' title='bbox 715 2738 805 2791; x_wconf 87' lang='lat' dir='ltr'><strong>Seren.</strong></span> <span class='ocrx_word' id='word_1_177' title='bbox 819 2735 867 2789; x_wconf 88' lang='lat' dir='ltr'><strong>du·</strong></span> <span class='ocrx_word' id='word_1_178' title='bbox 910 2736 1037 2789; x_wconf 76' lang='lat' dir='ltr'><strong>Thurinae</strong></span> <span class='ocrx_word' id='word_1_179' title='bbox 1051 2736 1125 2789; x_wconf 84' lang='lat' dir='ltr'><strong>urbis</strong></span> <span class='ocrx_word' id='word_1_180' title='bbox 1136 2736 1261 2807; x_wconf 74' lang='lat' dir='ltr'><strong>petebant</strong></span> <span class='ocrx_word' id='word_1_181' title='bbox 1275 2732 1418 2787; x_wconf 84' lang='lat' dir='ltr'><strong>excidium.</strong></span> 
     </span>
     <span class='ocr_line' id='line_1_23' title="bbox 359 2814 1419 2887; baseline 0 -23"><span class='ocrx_word' id='word_1_182' title='bbox 359 2814 397 2868; x_wconf 85' lang='lat' dir='ltr'><strong>cis</strong></span> <span class='ocrx_word' id='word_1_183' title='bbox 421 2816 645 2882; x_wconf 81' lang='lat' dir='ltr'><strong>Cenomanensis,</strong></span> <span class='ocrx_word' id='word_1_184' title='bbox 669 2828 696 2869; x_wconf 88' lang='lat' dir='ltr'><strong>et</strong></span> <span class='ocrx_word' id='word_1_185' title='bbox 721 2818 750 2868; x_wconf 88' lang='lat' dir='ltr'><strong>in</strong></span> <span class='ocrx_word' id='word_1_186' title='bbox 773 2817 866 2869; x_wconf 83' lang='lat' dir='ltr'><strong>Museo</strong></span> <span class='ocrx_word' id='word_1_187' title='bbox 912 2814 993 2887; x_wconf 74' lang='lat' dir='ltr'><strong>Apud</strong></span> <span class='ocrx_word' id='word_1_188' title='bbox 1008 2816 1115 2869; x_wconf 83' lang='lat' dir='ltr'><strong>Gruter.</strong></span> <span class='ocrx_word' id='word_1_189' title='bbox 1131 2834 1159 2885; x_wconf 88' lang='lat' dir='ltr'><strong>p.</strong></span> <span class='ocrx_word' id='word_1_190' title='bbox 1174 2816 1379 2876; x_wconf 65' lang='lat' dir='ltr'><strong>dimitemus,</strong></span> <span class='ocrx_word' id='word_1_191' title='bbox 1392 2824 1419 2865; x_wconf 89' lang='lat' dir='ltr'><strong>et</strong></span> 
     </span>
     <span class='ocr_line' id='line_1_24' title="bbox 358 2884 1467 2965; baseline -0.001 -22"><span class='ocrx_word' id='word_1_192' title='bbox 358 2891 599 2959; x_wconf 69' lang='lat' dir='ltr'><strong>Renuntiemus,</strong></span> <span class='ocrx_word' id='word_1_193' title='bbox 618 2912 679 2947; x_wconf 87' lang='lat' dir='ltr'><strong>cum</strong></span> <span class='ocrx_word' id='word_1_194' title='bbox 700 2894 750 2948; x_wconf 82' lang='lat' dir='ltr'><strong>hnc</strong></span> <span class='ocrx_word' id='word_1_195' title='bbox 762 2894 865 2965; x_wconf 76' lang='lat' dir='ltr'><strong>epigra·</strong></span> <span class='ocrx_word' id='word_1_196' title='bbox 910 2912 1233 2958; x_wconf 73' lang='lat' dir='ltr'><strong>murr,nonsrusnrvc</strong></span> <span class='ocrx_word' id='word_1_197' title='bbox 1245 2892 1336 2944; x_wconf 81' lang='lat' dir='ltr'><strong>Hsnu·</strong></span> <span class='ocrx_word' id='word_1_198' title='bbox 1461 2884 1467 2902; x_wconf 85' lang='lat'><strong><em>¹</em></strong></span> 
     </span>
     <span class='ocr_line' id='line_1_25' title="bbox 358 2972 1418 3047; baseline 0 -24"><span class='ocrx_word' id='word_1_199' title='bbox 358 2972 422 3042; x_wconf 69' lang='lat' dir='ltr'><strong>pbe,</strong></span> <span class='ocrx_word' id='word_1_200' title='bbox 437 2990 618 3041; x_wconf 36' lang='lat' dir='ltr'><strong>ornanum</strong></span> <span class='ocrx_word' id='word_1_201' title='bbox 637 2992 704 3026; x_wconf 82' lang='lat' dir='ltr'><strong>rrrs.</strong></span> <span class='ocrx_word' id='word_1_202' title='bbox 721 2975 811 3047; x_wconf 67' lang='lat' dir='ltr'><strong>Hono.</strong></span> <span class='ocrx_word' id='word_1_203' title='bbox 951 2975 977 3035; x_wconf 76' lang='grc'><strong>4.</strong></span> <span class='ocrx_word' id='word_1_204' title='bbox 999 2973 1148 3027; x_wconf 77' lang='lat' dir='ltr'><strong>Fabricium.</strong></span> <span class='ocrx_word' id='word_1_205' title='bbox 1162 2972 1304 3026; x_wconf 77' lang='lat' dir='ltr'><strong>Luscinum</strong></span> <span class='ocrx_word' id='word_1_206' title='bbox 1321 2988 1418 3043; x_wconf 78' lang='lat' dir='ltr'><strong>cogno-</strong></span> 
     </span>
     <span class='ocr_line' id='line_1_26' title="bbox 397 3050 1416 3124; baseline 0 -21"><span class='ocrx_word' id='word_1_207' title='bbox 397 3051 460 3104; x_wconf 83' lang='lat' dir='ltr'><strong>XV.</strong></span> <span class='ocrx_word' id='word_1_208' title='bbox 483 3070 508 3105; x_wconf 86' lang='lat' dir='ltr'><strong>r.</strong></span> <span class='ocrx_word' id='word_1_209' title='bbox 533 3053 563 3105; x_wconf 86' lang='lat' dir='ltr'><strong>C.</strong></span> <span class='ocrx_word' id='word_1_210' title='bbox 582 3054 662 3105; x_wconf 86' lang='lat' dir='ltr'><strong>AElio.</strong></span> <span class='ocrx_word' id='word_1_211' title='bbox 684 3050 726 3105; x_wconf 75' lang='lat' dir='ltr'><strong>Ad</strong></span> <span class='ocrx_word' id='word_1_212' title='bbox 747 3071 867 3105; x_wconf 86' lang='lat' dir='ltr'><strong>summos</strong></span> <span class='ocrx_word' id='word_1_213' title='bbox 909 3052 995 3115; x_wconf 85' lang='lat' dir='ltr'><strong>mine,</strong></span> <span class='ocrx_word' id='word_1_214' title='bbox 1019 3051 1053 3105; x_wconf 87' lang='lat' dir='ltr'><strong>de</strong></span> <span class='ocrx_word' id='word_1_215' title='bbox 1075 3070 1128 3124; x_wconf 86' lang='lat' dir='ltr'><strong>quo</strong></span> <span class='ocrx_word' id='word_1_216' title='bbox 1145 3052 1192 3107; x_wconf 89' lang='lat' dir='ltr'><strong>lib.</strong></span> <span class='ocrx_word' id='word_1_217' title='bbox 1206 3052 1343 3115; x_wconf 78' lang='lat' dir='ltr'><strong>xxxin,</strong></span> <span class='ocrx_word' id='word_1_218' title='bbox 1359 3068 1416 3122; x_wconf 77' lang='lat' dir='ltr'><strong>cap.</strong></span> 
     </span>
     <span class='ocr_line' id='line_1_27' title="bbox 356 3132 1149 3202; baseline 0.004 -20"><span class='ocrx_word' id='word_1_219' title='bbox 356 3142 447 3201; x_wconf 84' lang='lat' dir='ltr'><strong>postes</strong></span> <span class='ocrx_word' id='word_1_220' title='bbox 459 3132 623 3202; x_wconf 70' lang='lat' dir='ltr'><strong>magistratus</strong></span> <span class='ocrx_word' id='word_1_221' title='bbox 636 3144 725 3185; x_wconf 80' lang='lat' dir='ltr'><strong>evecta</strong></span> <span class='ocrx_word' id='word_1_222' title='bbox 745 3150 808 3201; x_wconf 80' lang='lat' dir='ltr'><strong>gens</strong></span> <span class='ocrx_word' id='word_1_223' title='bbox 822 3134 868 3184; x_wconf 77' lang='grc' dir='ltr'><strong>ΙΕ-</strong></span> <span class='ocrx_word' id='word_1_224' title='bbox 911 3134 945 3185; x_wconf 83' lang='grc' dir='ltr'><strong>5ο</strong></span> <span class='ocrx_word' id='word_1_225' title='bbox 958 3143 985 3185; x_wconf 87' lang='lat' dir='ltr'><strong>et</strong></span> <span class='ocrx_word' id='word_1_226' title='bbox 999 3132 1043 3195; x_wconf 67' lang='grc'><strong>54.</strong></span> <span class='ocrx_word' id='word_1_227' title='bbox 1058 3132 1149 3185; x_wconf 76' lang='lat' dir='ltr'><strong>Hsan.</strong></span> 
     </span>
     <span class='ocr_line' id='line_1_28' title="bbox 356 3208 1421 3283; baseline 0 -22"><span class='ocrx_word' id='word_1_228' title='bbox 356 3208 392 3261; x_wconf 80' lang='lat' dir='ltr'><strong>lia</strong></span> <span class='ocrx_word' id='word_1_229' title='bbox 414 3211 464 3263; x_wconf 86' lang='lat' dir='ltr'><strong>tuit</strong></span> <span class='ocrx_word' id='word_1_230' title='bbox 483 3228 490 3262; x_wconf 96' lang='lat'><strong>:</strong></span> <span class='ocrx_word' id='word_1_231' title='bbox 506 3229 538 3263; x_wconf 84' lang='lat' dir='ltr'><strong>ex</strong></span> <span class='ocrx_word' id='word_1_232' title='bbox 559 3230 612 3281; x_wconf 84' lang='lat' dir='ltr'><strong>qua</strong></span> <span class='ocrx_word' id='word_1_233' title='bbox 634 3211 763 3263; x_wconf 86' lang='lat' dir='ltr'><strong>nimirum</strong></span> <span class='ocrx_word' id='word_1_234' title='bbox 779 3211 867 3263; x_wconf 74' lang='lat' dir='ltr'><strong>¹Mlius</strong></span> <span class='ocrx_word' id='word_1_235' title='bbox 951 3210 977 3265; x_wconf 84' lang='lat'><strong>5.</strong></span> <span class='ocrx_word' id='word_1_236' title='bbox 991 3212 1140 3281; x_wconf 70' lang='lat' dir='ltr'><strong>passimque.</strong></span> <span class='ocrx_word' id='word_1_237' title='bbox 1154 3210 1197 3263; x_wconf 88' lang='lat' dir='ltr'><strong>Sic</strong></span> <span class='ocrx_word' id='word_1_238' title='bbox 1212 3222 1355 3283; x_wconf 74' lang='lat' dir='ltr'><strong>patronum</strong></span> <span class='ocrx_word' id='word_1_239' title='bbox 1371 3208 1421 3262; x_wconf 80' lang='lat' dir='ltr'><strong>lra-</strong></span> 
     </span>
     <span class='ocr_line' id='line_1_29' title="bbox 357 3288 1418 3365; baseline 0 -24"><span class='ocrx_word' id='word_1_240' title='bbox 357 3288 480 3358; x_wconf 77' lang='lat' dir='ltr'><strong>Sejsnus,</strong></span> <span class='ocrx_word' id='word_1_241' title='bbox 497 3301 523 3341; x_wconf 84' lang='lat' dir='ltr'><strong>et</strong></span> <span class='ocrx_word' id='word_1_242' title='bbox 544 3290 630 3343; x_wconf 79' lang='lat' dir='ltr'><strong>AEliue</strong></span> <span class='ocrx_word' id='word_1_243' title='bbox 653 3291 741 3343; x_wconf 77' lang='lat' dir='ltr'><strong>Nerva</strong></span> <span class='ocrx_word' id='word_1_244' title='bbox 767 3290 866 3356; x_wconf 67' lang='lat' dir='ltr'><strong>Cesar,</strong></span> <span class='ocrx_word' id='word_1_245' title='bbox 910 3288 991 3343; x_wconf 74' lang='lat' dir='ltr'><strong>liuere</strong></span> <span class='ocrx_word' id='word_1_246' title='bbox 1004 3290 1041 3365; x_wconf 94' lang='lat' dir='ltr'><strong>M.</strong></span> <span class='ocrx_word' id='word_1_247' title='bbox 1058 3290 1176 3342; x_wconf 88' lang='lat' dir='ltr'><strong>Tullium</strong></span> <span class='ocrx_word' id='word_1_248' title='bbox 1193 3290 1349 3345; x_wconf 71' lang='lat' dir='ltr'><strong>Ciceronem</strong></span> <span class='ocrx_word' id='word_1_249' title='bbox 1365 3288 1418 3341; x_wconf 79' lang='lat' dir='ltr'><strong>Cs-</strong></span> 
     </span>
     <span class='ocr_line' id='line_1_30' title="bbox 357 3368 1418 3440; baseline 0 -21"><span class='ocrx_word' id='word_1_250' title='bbox 357 3369 448 3438; x_wconf 88' lang='lat' dir='ltr'><strong>quiin</strong></span> <span class='ocrx_word' id='word_1_251' title='bbox 465 3386 549 3439; x_wconf 70' lang='lat' dir='ltr'><strong>preco</strong></span> <span class='ocrx_word' id='word_1_252' title='bbox 564 3388 676 3422; x_wconf 89' lang='lat' dir='ltr'><strong>nummo</strong></span> <span class='ocrx_word' id='word_1_253' title='bbox 698 3382 750 3434; x_wconf 84' lang='lat' dir='ltr'><strong>est,</strong></span> <span class='ocrx_word' id='word_1_254' title='bbox 765 3388 865 3423; x_wconf 90' lang='lat' dir='ltr'><strong>nunce</strong></span> <span class='ocrx_word' id='word_1_255' title='bbox 909 3370 1006 3440; x_wconf 83' lang='lat' dir='ltr'><strong>paoni,</strong></span> <span class='ocrx_word' id='word_1_256' title='bbox 1034 3381 1199 3439; x_wconf 79' lang='lat' dir='ltr'><strong>statuamque</strong></span> <span class='ocrx_word' id='word_1_257' title='bbox 1222 3368 1247 3422; x_wconf 92' lang='lat' dir='ltr'><strong>ei</strong></span> <span class='ocrx_word' id='word_1_258' title='bbox 1273 3370 1418 3421; x_wconf 69' lang='lat' dir='ltr'><strong>incuratam</strong></span> 
     </span>
     <span class='ocr_line' id='line_1_31' title="bbox 356 3444 1471 3519; baseline 0 -20"><span class='ocrx_word' id='word_1_259' title='bbox 356 3444 428 3499; x_wconf 76' lang='lat' dir='ltr'><strong>Gau</strong></span> <span class='ocrx_word' id='word_1_260' title='bbox 447 3448 598 3514; x_wconf 81' lang='lat' dir='ltr'><strong>Parmensi,</strong></span> <span class='ocrx_word' id='word_1_261' title='bbox 611 3448 729 3506; x_wconf 74' lang='lat' dir='ltr'><strong>ttntoc</strong></span> <span class='ocrx_word' id='word_1_262' title='bbox 743 3452 776 3502; x_wconf 83' lang='lat' dir='ltr'><strong>N.</strong></span> <span class='ocrx_word' id='word_1_263' title='bbox 791 3452 864 3502; x_wconf 68' lang='lat' dir='ltr'><strong>ttet-</strong></span> <span class='ocrx_word' id='word_1_264' title='bbox 909 3466 1035 3519; x_wconf 77' lang='lat' dir='ltr'><strong>posuere.</strong></span> <span class='ocrx_word' id='word_1_265' title='bbox 1051 3448 1109 3518; x_wconf 88' lang='lat' dir='ltr'><strong>ipso</strong></span> <span class='ocrx_word' id='word_1_266' title='bbox 1133 3444 1281 3518; x_wconf 85' lang='lat' dir='ltr'><strong>prodente,</strong></span> <span class='ocrx_word' id='word_1_267' title='bbox 1304 3457 1370 3499; x_wconf 74' lang='lat' dir='ltr'><strong>oret.</strong></span> <span class='ocrx_word' id='word_1_268' title='bbox 1388 3447 1417 3499; x_wconf 88' lang='lat' dir='ltr'><strong>iu</strong></span> <span class='ocrx_word' id='word_1_269' title='bbox 1469 3488 1471 3493; x_wconf 93' lang='lat'><strong>.</strong></span> 
     </span>
     <span class='ocr_line' id='line_1_32' title="bbox 356 3524 1418 3599; baseline -0.001 -21"><span class='ocrx_word' id='word_1_270' title='bbox 356 3524 441 3578; x_wconf 78' lang='lat' dir='ltr'>CAP:</span> <span class='ocrx_word' id='word_1_271' title='bbox 462 3527 543 3587; x_wconf 75' lang='grc' dir='ltr'>Αἴλιος</span> <span class='ocrx_word' id='word_1_272' title='bbox 564 3530 671 3599; x_wconf 65' lang='lat' dir='ltr'><strong>Nepotes</strong></span> <span class='ocrx_word' id='word_1_273' title='bbox 693 3532 793 3597; x_wconf 72' lang='grc' dir='ltr'><strong>Καῖσαρ</strong></span> <span class='ocrx_word' id='word_1_274' title='bbox 812 3546 818 3580; x_wconf 94' lang='lat'><strong>:</strong></span> <span class='ocrx_word' id='word_1_275' title='bbox 838 3540 866 3581; x_wconf 89' lang='lat' dir='ltr'><strong>et</strong></span> <span class='ocrx_word' id='word_1_276' title='bbox 909 3528 998 3581; x_wconf 87' lang='lat' dir='ltr'><strong>Pison.</strong></span> <span class='ocrx_word' id='word_1_277' title='bbox 1022 3540 1048 3581; x_wconf 85' lang='lat' dir='ltr'><strong>et</strong></span> <span class='ocrx_word' id='word_1_278' title='bbox 1067 3546 1117 3598; x_wconf 87' lang='lat' dir='ltr'><strong>pro</strong></span> <span class='ocrx_word' id='word_1_279' title='bbox 1138 3526 1238 3581; x_wconf 80' lang='lat' dir='ltr'><strong>Sextio.</strong></span> <span class='ocrx_word' id='word_1_280' title='bbox 1260 3527 1303 3579; x_wconf 90' lang='lat' dir='ltr'><strong>Sic</strong></span> <span class='ocrx_word' id='word_1_281' title='bbox 1327 3526 1418 3577; x_wconf 86' lang='lat' dir='ltr'><strong>Bono·</strong></span> 
     </span>
     <span class='ocr_line' id='line_1_33' title="bbox 355 3603 1417 3679; baseline 0 -22"><span class='ocrx_word' id='word_1_282' title='bbox 355 3605 441 3658; x_wconf 83' lang='lat' dir='ltr'><strong>AElius</strong></span> <span class='ocrx_word' id='word_1_283' title='bbox 454 3603 602 3659; x_wconf 81' lang='lat' dir='ltr'><strong>Hedrisnus</strong></span> <span class='ocrx_word' id='word_1_284' title='bbox 616 3611 762 3679; x_wconf 76' lang='lat' dir='ltr'><strong>Augustus,</strong></span> <span class='ocrx_word' id='word_1_285' title='bbox 778 3619 805 3659; x_wconf 89' lang='lat' dir='ltr'><strong>et</strong></span> <span class='ocrx_word' id='word_1_286' title='bbox 821 3610 863 3659; x_wconf 65' lang='grc' dir='ltr'><strong>ΛΕ-</strong></span> <span class='ocrx_word' id='word_1_287' title='bbox 907 3608 1011 3661; x_wconf 79' lang='lat' dir='ltr'><strong>niensee</strong></span> <span class='ocrx_word' id='word_1_288' title='bbox 1030 3606 1058 3659; x_wconf 87' lang='lat' dir='ltr'><strong>in</strong></span> <span class='ocrx_word' id='word_1_289' title='bbox 1075 3606 1254 3659; x_wconf 75' lang='lat' dir='ltr'><strong>Antoniorum</strong></span> <span class='ocrx_word' id='word_1_290' title='bbox 1269 3625 1276 3658; x_wconf 74' lang='grc' dir='ltr'><strong>ε</strong></span> <span class='ocrx_word' id='word_1_291' title='bbox 1290 3605 1318 3657; x_wconf 91' lang='lat' dir='ltr'><strong>iu</strong></span> <span class='ocrx_word' id='word_1_292' title='bbox 1334 3604 1417 3657; x_wconf 80' lang='lat' dir='ltr'><strong>Clau-</strong></span> 
     </span>
     <span class='ocr_line' id='line_1_34' title="bbox 355 3682 1417 3757; baseline -0.001 -20"><span class='ocrx_word' id='word_1_293' title='bbox 355 3683 408 3738; x_wconf 86' lang='lat' dir='ltr'><strong>lius</strong></span> <span class='ocrx_word' id='word_1_294' title='bbox 426 3686 513 3739; x_wconf 71' lang='lat' dir='ltr'><strong>cem</strong></span> <span class='ocrx_word' id='word_1_295' title='bbox 527 3687 689 3751; x_wconf 78' lang='lat' dir='ltr'><strong>Antoninus,</strong></span> <span class='ocrx_word' id='word_1_296' title='bbox 704 3687 810 3757; x_wconf 87' lang='lat' dir='ltr'><strong>aliique.</strong></span> <span class='ocrx_word' id='word_1_297' title='bbox 824 3685 863 3739; x_wconf 86' lang='lat' dir='ltr'><strong>Ex</strong></span> <span class='ocrx_word' id='word_1_298' title='bbox 909 3684 1015 3740; x_wconf 90' lang='lat' dir='ltr'><strong>diorum</strong></span> <span class='ocrx_word' id='word_1_299' title='bbox 1028 3685 1145 3738; x_wconf 78' lang='lat' dir='ltr'><strong>clientela</strong></span> <span class='ocrx_word' id='word_1_300' title='bbox 1156 3682 1348 3737; x_wconf 70' lang='lat' dir='ltr'><strong>Lacedaemonii</strong></span> <span class='ocrx_word' id='word_1_301' title='bbox 1360 3684 1417 3736; x_wconf 79' lang='lat' dir='ltr'><strong>lue·</strong></span> 
     </span>
     <span class='ocr_line' id='line_1_35' title="bbox 354 3762 1416 3823; baseline -0.003 -6"><span class='ocrx_word' id='word_1_302' title='bbox 354 3764 482 3817; x_wconf 72' lang='lat' dir='ltr'><strong>ellinitste</strong></span> <span class='ocrx_word' id='word_1_303' title='bbox 497 3782 556 3817; x_wconf 89' lang='lat' dir='ltr'><strong>cum</strong></span> <span class='ocrx_word' id='word_1_304' title='bbox 576 3764 723 3819; x_wconf 67' lang='lat' dir='ltr'><strong>Curribus</strong></span> <span class='ocrx_word' id='word_1_305' title='bbox 739 3765 865 3818; x_wconf 89' lang='lat' dir='ltr'><strong>nobilita·</strong></span> <span class='ocrx_word' id='word_1_306' title='bbox 907 3778 979 3823; x_wconf 86' lang='lat' dir='ltr'><strong>runt,</strong></span> <span class='ocrx_word' id='word_1_307' title='bbox 994 3777 1060 3817; x_wconf 88' lang='lat' dir='ltr'><strong>teste</strong></span> <span class='ocrx_word' id='word_1_308' title='bbox 1073 3764 1144 3817; x_wconf 89' lang='lat' dir='ltr'><strong>Suet.</strong></span> <span class='ocrx_word' id='word_1_309' title='bbox 1159 3762 1186 3815; x_wconf 90' lang='lat' dir='ltr'><strong>iu</strong></span> <span class='ocrx_word' id='word_1_310' title='bbox 1199 3764 1260 3816; x_wconf 89' lang='lat' dir='ltr'><strong>Tib.</strong></span> <span class='ocrx_word' id='word_1_311' title='bbox 1278 3780 1316 3817; x_wconf 83' lang='lat' dir='ltr'><strong>vt.</strong></span> <span class='ocrx_word' id='word_1_312' title='bbox 1330 3762 1364 3815; x_wconf 86' lang='grc' dir='ltr'><strong>Η.</strong></span> <span class='ocrx_word' id='word_1_313' title='bbox 1377 3792 1416 3805; x_wconf 88' lang='lat'><strong>-·</strong></span> 
     </span>
     <span class='ocr_line' id='line_1_36' title="bbox 355 3842 1417 3917; baseline -0.001 -22"><span class='ocrx_word' id='word_1_314' title='bbox 355 3854 408 3895; x_wconf 85' lang='lat' dir='ltr'><strong>tem</strong></span> <span class='ocrx_word' id='word_1_315' title='bbox 422 3842 514 3913; x_wconf 68' lang='lat' dir='ltr'><strong>adepte</strong></span> <span class='ocrx_word' id='word_1_316' title='bbox 529 3857 568 3899; x_wconf 87' lang='lat' dir='ltr'><strong>est</strong></span> <span class='ocrx_word' id='word_1_317' title='bbox 581 3864 634 3899; x_wconf 89' lang='lat' dir='ltr'><strong>uun</strong></span> <span class='ocrx_word' id='word_1_318' title='bbox 645 3845 743 3898; x_wconf 75' lang='lat' dir='ltr'><strong>l&#39;amilia</strong></span> <span class='ocrx_word' id='word_1_319' title='bbox 753 3864 785 3898; x_wconf 84' lang='lat' dir='ltr'><strong>ex</strong></span> <span class='ocrx_word' id='word_1_320' title='bbox 795 3845 864 3897; x_wconf 77' lang='lat' dir='ltr'><strong>AEtia</strong></span> <span class='ocrx_word' id='word_1_321' title='bbox 908 3844 994 3898; x_wconf 86' lang='lat' dir='ltr'><strong>Gron.</strong></span> <span class='ocrx_word' id='word_1_322' title='bbox 1010 3857 1036 3897; x_wconf 88' lang='lat' dir='ltr'><strong>et</strong></span> <span class='ocrx_word' id='word_1_323' title='bbox 1056 3843 1101 3898; x_wconf 81' lang='grc' dir='ltr'><strong>ΔΙ.</strong></span> <span class='ocrx_word' id='word_1_324' title='bbox 1116 3846 1251 3917; x_wconf 81' lang='lat' dir='ltr'><strong>passimque</strong></span> <span class='ocrx_word' id='word_1_325' title='bbox 1272 3842 1369 3895; x_wconf 82' lang='lat' dir='ltr'><strong>clientes</strong></span> <span class='ocrx_word' id='word_1_326' title='bbox 1390 3844 1417 3894; x_wconf 79' lang='lat' dir='ltr'><strong>in</strong></span> 
     </span>
     <span class='ocr_line' id='line_1_37' title="bbox 353 3924 1249 3994; baseline 0.001 -20"><span class='ocrx_word' id='word_1_327' title='bbox 353 3935 452 3991; x_wconf 72' lang='lat' dir='ltr'><strong>pente:</strong></span> <span class='ocrx_word' id='word_1_328' title='bbox 472 3941 503 3975; x_wconf 88' lang='lat' dir='ltr'><strong>ex</strong></span> <span class='ocrx_word' id='word_1_329' title='bbox 518 3942 570 3994; x_wconf 78' lang='lat' dir='ltr'><strong>qua</strong></span> <span class='ocrx_word' id='word_1_330' title='bbox 588 3942 616 3977; x_wconf 89' lang='lat' dir='ltr'><strong>se</strong></span> <span class='ocrx_word' id='word_1_331' title='bbox 634 3926 670 3978; x_wconf 89' lang='lat' dir='ltr'><strong>ob</strong></span> <span class='ocrx_word' id='word_1_332' title='bbox 684 3944 742 3978; x_wconf 78' lang='lat' dir='ltr'><strong>eom</strong></span> <span class='ocrx_word' id='word_1_333' title='bbox 758 3942 862 3977; x_wconf 75' lang='lat' dir='ltr'><strong>caumm</strong></span> <span class='ocrx_word' id='word_1_334' title='bbox 908 3924 1029 3977; x_wconf 81' lang='lat' dir='ltr'><strong>clientelas</strong></span> <span class='ocrx_word' id='word_1_335' title='bbox 1042 3928 1076 3976; x_wconf 85' lang='lat' dir='ltr'><strong>ita</strong></span> <span class='ocrx_word' id='word_1_336' title='bbox 1090 3926 1184 3993; x_wconf 77' lang='lat' dir='ltr'><strong>recepti.</strong></span> <span class='ocrx_word' id='word_1_337' title='bbox 1197 3924 1249 3975; x_wconf 88' lang='lat' dir='ltr'><strong>En.</strong></span> 
     </span>
     <span class='ocr_line' id='line_1_38' title="bbox 355 4000 1415 4071; baseline 0.002 -20"><span class='ocrx_word' id='word_1_338' title='bbox 355 4001 453 4055; x_wconf 79' lang='lat' dir='ltr'><strong>AElium</strong></span> <span class='ocrx_word' id='word_1_339' title='bbox 468 4002 609 4069; x_wconf 72' lang='lat' dir='ltr'><strong>Creontem,</strong></span> <span class='ocrx_word' id='word_1_340' title='bbox 622 4024 677 4057; x_wconf 87' lang='lat' dir='ltr'><strong>non</strong></span> <span class='ocrx_word' id='word_1_341' title='bbox 691 4004 789 4056; x_wconf 81' lang='lat' dir='ltr'><strong>AEliunr</strong></span> <span class='ocrx_word' id='word_1_342' title='bbox 799 4002 860 4055; x_wconf 88' lang='lat' dir='ltr'><strong>sim·</strong></span> <span class='ocrx_word' id='word_1_343' title='bbox 946 4006 972 4056; x_wconf 89' lang='grc'><strong>6.</strong></span> <span class='ocrx_word' id='word_1_344' title='bbox 992 4003 1075 4071; x_wconf 79' lang='lat' dir='ltr'><strong>Cujus.</strong></span> <span class='ocrx_word' id='word_1_345' title='bbox 1097 4000 1263 4057; x_wconf 79' lang='lat' dir='ltr'><strong>conserenda</strong></span> <span class='ocrx_word' id='word_1_346' title='bbox 1282 4000 1338 4053; x_wconf 82' lang='lat' dir='ltr'><strong>haec</strong></span> <span class='ocrx_word' id='word_1_347' title='bbox 1353 4018 1415 4053; x_wconf 84' lang='lat' dir='ltr'><strong>curu</strong></span> 
     </span>
     <span class='ocr_line' id='line_1_39' title="bbox 354 4077 1419 4153; baseline 0.002 -22"><span class='ocrx_word' id='word_1_348' title='bbox 354 4078 459 4147; x_wconf 87' lang='lat' dir='ltr'><strong>pliciter</strong></span> <span class='ocrx_word' id='word_1_349' title='bbox 485 4077 520 4134; x_wconf 81' lang='lat' dir='ltr'><strong>et’</strong></span> <span class='ocrx_word' id='word_1_350' title='bbox 539 4082 676 4149; x_wconf 84' lang='lat' dir='ltr'><strong>absolute,</strong></span> <span class='ocrx_word' id='word_1_351' title='bbox 707 4082 861 4137; x_wconf 81' lang='lat' dir='ltr'><strong>Antoninus</strong></span> <span class='ocrx_word' id='word_1_352' title='bbox 904 4082 938 4134; x_wconf 85' lang='lat' dir='ltr'><strong>iis</strong></span> <span class='ocrx_word' id='word_1_353' title='bbox 957 4101 1017 4153; x_wconf 79' lang='lat' dir='ltr'><strong>quse</strong></span> <span class='ocrx_word' id='word_1_354' title='bbox 1034 4081 1126 4135; x_wconf 87' lang='lat' dir='ltr'><strong>Livius</strong></span> <span class='ocrx_word' id='word_1_355' title='bbox 1146 4082 1225 4135; x_wconf 82' lang='lat' dir='ltr'><strong>habet</strong></span> <span class='ocrx_word' id='word_1_356' title='bbox 1242 4080 1288 4135; x_wconf 90' lang='lat' dir='ltr'><strong>lib.</strong></span> <span class='ocrx_word' id='word_1_357' title='bbox 1304 4078 1419 4143; x_wconf 66' lang='lat' dir='ltr'><strong>XXVI.</strong></span> 
     </span>
     <span class='ocr_line' id='line_1_40' title="bbox 353 4156 1116 4231; baseline 0.007 -23"><span class='ocrx_word' id='word_1_358' title='bbox 353 4156 416 4211; x_wconf 84' lang='lat' dir='ltr'><strong>Pius</strong></span> <span class='ocrx_word' id='word_1_359' title='bbox 429 4159 551 4229; x_wconf 82' lang='lat' dir='ltr'><strong>appellat.</strong></span> <span class='ocrx_word' id='word_1_360' title='bbox 561 4160 652 4215; x_wconf 72' lang='lat' dir='ltr'><strong>Hono.</strong></span> <span class='ocrx_word' id='word_1_361' title='bbox 904 4179 931 4231; x_wconf 84' lang='lat' dir='ltr'><strong>p.</strong></span> <span class='ocrx_word' id='word_1_362' title='bbox 946 4163 1012 4215; x_wconf 77' lang='lat'><strong>²8².</strong></span> <span class='ocrx_word' id='word_1_363' title='bbox 1023 4160 1116 4215; x_wconf 84' lang='lat' dir='ltr'><strong>Hsnn.</strong></span> 
     </span>
    </p>
   </div>
   <div class='ocr_carea' id='block_1_3' title="bbox 0 0 1554 5125">
    <p class='ocr_par' dir='ltr' id='par_1_6' title="bbox 0 0 1554 5125">
     <span class='ocr_line' id='line_1_41' title="bbox 0 0 1554 5125; baseline 0 4"><span class='ocrx_word' id='word_1_364' title='bbox 0 0 1554 5125; x_wconf 95' lang='lat' dir='ltr'><strong> </strong></span> 
     </span>
    </p>
   </div>
  </div>
 </body>
</html>
