3100 5125
472 560 627 628 arasa
650 561 811 628 xxxv.
1112 559 1180 656 393

111 721 216 790 poma
234 711 268 766 et
283 719 382 778 uvas,
393 708 430 762 ut
449 718 517 762 non
540 717 652 787 posses
667 691 826 787 adspectu
845 692 1064 764 discemsrea
1085 697 1179 765 veris.

112 802 211 872 Idem
225 799 415 895 magnificat
436 797 657 882 Arcesilaum,
671 800 766 868 Lucii
783 797 943 868 Luculli¹¹
963 798 1179 887 familiarem,

111 909 212 1001 cujus
229 903 486 1002 proplasmata¹²
505 904 608 999 pluris
627 906 740 974 venire
761 903 855 974 solita
876 905 1090 976 artificibus
1082 909 1178 1002 ipsis,

111 1039 216 1108 quam
235 1013 374 1083 aliorum
389 1035 500 1106 opera.
514 1011 565 1080 Ab
576 1010 641 1079 hoc
653 1009 772 1080 factam
786 1013 950 1080 Venerem
966 1014 1178 1083 Genetricem
1199 1029 1213 1082 3

111 1121 145 1188 iu
160 1120 238 1190 foro
252 1120 412 1206 (laseris,
427 1133 460 1186 et
477 1119 668 1212 priusquam
683 1115 921 1200 absolveretur,
939 1105 1178 1191 festinatione¹³

111 1171 446 1320 dedicandipositain.
456 1211 1015 1315 DeindeeidemaLucuttorr-ss'
973 1221 1027 1290 nx¹
1031 1211 1177 1318 signum

111 1331 292 1402 Felicitatis
308 1329 468 1416 locatum,
489 1331 543 1400 cui
562 1354 651 1398 mors
663 1329 837 1422 utriusque
855 1289 1018 1399 inviderit.
1036 1333 1178 1401 Octavio

109 1440 217 1532 equiti
242 1461 379 1507 romano
402 1450 529 1505 cratera
549 1434 658 1504 lacere
679 1432 803 1504 volenti
812 1435 1009 1565 ,exemplar
1030 1461 1048 1504 a
1076 1463 1179 1534 gypso

111 1543 239 1614 factum
269 1529 438 1613 talento¹⁵.
467 1541 597 1612 Laudat
629 1556 663 1610 et
687 1527 893 1610 Pasitelem¹⁵
901 1594 910 1626 ,
942 1543 998 1635 qui
1020 1541 1179 1637 plasticen

109 1665 254 1720 matrem
269 1646 468 1719 statuariae*
471 1647 753 1740 Uscalpturaeque
768 1662 802 1715 et
812 1646 975 1717 caelaturac
993 1673 1063 1716 esse
1080 1649 1178 1718 dixit·

110 1771 144 1825 et
176 1781 278 1851 quum
303 1770 388 1824 esset
408 1756 442 1822 in
463 1753 622 1822 omnibus
645 1752 697 1820 his
721 1777 905 1840 summus,
915 1753 995 1822 nihil
1023 1780 1180 1850 umquam

111 1862 191 1932 fecit
200 1876 402 1980 ,antequam
418 1845 556 1929 fiuxit¹⁰.
575 1861 737 1928 Praeterea
754 1857 956 1928 elaboratam
975 1860 1061 1930 hanc
1074 1877 1179 1930 artem

110 1967 230 2056 Italiae,
249 1982 284 2036 et
306 1968 453 2036 maxime
482 1966 653 2034 Etruriae.
679 1963 960 2060 Turianumque¹⁹
982 1991 1001 2034 a
1027 1967 1180 2063 Fregellis

103 2143 191 2210 sactus
217 2143 302 2194 Roraoe
328 2142 406 2194 tubas.
436 2139 521 2194 Acad.
549 2141 622 2193 Men.
712 2159 756 2195 rs.
770 2141 949 2212 Pmplusmsto.
970 2145 1180 2214 Προπλᾶσματα,

109 2221 185 2277 oud.
194 2224 268 2290 seete
278 2225 385 2290 pomeria
402 2240 474 2273 uasa.
495 2217 547 2274 Sed
562 2219 623 2272 red-
666 2217 723 2274 sive
739 2223 871 2292 πρὸτυπα,
885 2221 918 2275 de
935 2223 1033 2293 quibus
1051 2241 1109 2294 cap.
1125 2225 1180 2290 43,

109 2300 227 2356 siendum
241 2313 312 2363 erut,
327 2302 401 2370 sacta
416 2319 490 2372 possa
510 2313 533 2352 st
554 2319 622 2354 uras.
665 2298 707 2350 des
720 2302 831 2354 modales.
844 2302 933 2356 Iliun.

108 2381 252 2454 Sequatur
245 2401 274 2433 ιιι
282 2380 363 2435 Acuti.
375 2382 447 2434 Men.
456 2379 529 2434 Gud.
539 2380 622 2435 «item
708 2380 1101 2436 13.Fesrinartone.1)edicavit
1121 2383 1179 2436 Cae·

108 2459 618 2532 piscissclspectuurerisdiseernere.»
665 2475 708 2511 sar
720 2460 813 2514 dictat.
825 2461 894 2523 Dio,
910 2461 1011 2521 XLIII,
1024 2480 1052 2531 p.
1067 2463 1131 2514 2²5.
1144 2464 1178 2517 ll.

108 2541 211 2595 Voss·
222 2541 289 2594 item
297 2539 623 2612 piscisadspectudiscer·¹
718 2548 763 2605 ¹4·
788 2541 827 2592 H·
830 2538 857 2592 S.
881 2541 931 2591 tr
952 2539 1098 2605 Sestertiis,
1125 2541 1179 2595 sive

108 2639 174 2674 nere
197 2620 338 2674 ureris.-
359 2621 511 2692 Nusquam,
537 2624 573 2672 ita
594 2636 621 2673 ut
662 2635 811 2678 sestertrum
819 2634 1042 2691 sexagiescentum
1051 2620 1179 2675 nullibus

108 2719 156 2754 aaa
175 2705 218 2755 sit.
235 2701 338 2753 Censeo
354 2702 460 2771 piscibus
477 2699 545 2753 nihil
565 2719 621 2753 esse
662 2704 750 2756 Libra
762 2713 825 2753 sunt
836 2712 965 2753 nostrates
979 2702 1111 2764 naonis.
1122 2702 1176 2753 En.

108 2780 177 2844 loci,
189 2794 217 2835 et
235 2780 369 2850 scripsisse
379 2793 515 2835 auctorem
530 2801 536 2831 ι
557 2807 569 2827 ι
590 2792 620 2833 ut
706 2779 748 2835 15.
762 2781 873 2832 Talaura.
882 2779 986 2833 Talenti
995 2780 1091 2850 pretio,
1103 2780 1177 2849 quod

108 2878 165 2913 non
185 2878 275 2931 posses
297 2858 424 2929 adspectu
441 2859 591 2913 discernere
603 2879 620 2913 ι
662 2859 1111 2924 librar.uostratiumefficit4,668.
1123 2860 1175 2913 En.

108 2939 185 2993 veris.
194 2965 206 2985 ·
217 2939 442 2995 Gnate-Pasira.
454 2940 508 3005 Qui
520 2939 622 2992 Grecis
706 2944 750 2995 16.
766 2940 866 2991 laudm
879 2952 904 2991 st
916 2939 1053 2991 Pasitelem.
1067 2940 1127 2992 Nou
1144 2936 1177 2992 il·

108 3021 193 3083 Πόσις,
204 3019 307 3072 Latinis
317 3017 390 3073 idem
399 3020 557 3092 plerumque
568 3018 620 3071 1³0-
661 3023 718 3075 lum
746 3019 848 3074 colore
878 3018 1030 3089 magistrum
1059 3017 1093 3070 de
1120 3038 1175 3091 quo

108 3097 228 3153 sidonius
240 3098 398 3170 appellatus.
411 3098 487 3152 Libri
498 3098 533 3152 ud
546 3099 619 3152 hune
661 3102 771 3155 Paussn.
789 3099 872 3151 Eliac.
896 3117 937 3169 pr.
959 3099 996 3159 V,
1020 3116 1080 3169 pag.
1103 3098 1177 3165 325,

110 3176 179 3231 diem
191 3178 278 3231 editi:
299 3204 311 3226 ι
330 3197 347 3231 ι
359 3196 414 3249 quo
427 3179 509 3233 factas
527 3180 619 3231 Romus
660 3180 707 3253 sed
721 3180 834 3233 alterum
852 3178 1056 3249 cognominem.
1073 3176 1106 3230 de
1123 3196 1177 3249 quo

110 3275 184 3320 urus,
202 3284 216 3307 ι
232 3255 344 3329 frigide,
356 3277 440 3330 quum
455 3258 540 3310 Roma
554 3276 618 3328 pro·
660 3279 710 3315 nos
723 3260 752 3313 in
763 3261 910 3311 Arctorum
922 3255 1025 3311 Indice.
1041 3258 1135 3311 llsan.

109 3337 178 3391 xime
191 3338 370 3391 antecesserit.
383 3337 463 3401 Mox,
474 3360 485 3381 ι
501 3338 565 3391 item
575 3338 618 3408 pi·
704 3359 748 3410 ¹7·
771 3338 876 3389 Matrem
894 3339 1027 3389 statuario.
1050 3336 1125 3390 Brot.
1143 3355 1176 3390 ex

108 3434 175 3480 sees,
187 3417 225 3470 its
234 3430 329 3470 utnon
341 3418 375 3471 sit
385 3415 527 3488 adspectu,
540 3430 590 3470 etc.
602 3442 614 3464 ι
660 3419 739 3473 MSS.
752 3420 834 3487 Regg.
847 3429 874 3471 et
885 3414 927 3470 ed.
936 3436 977 3487 pr.
989 3430 1088 3469 matrem
1101 3420 1176 3471 rela-

108 3496 214 3549 Rectius
222 3508 285 3549 met
293 3515 357 3549 ssne
367 3495 465 3549 diceret
472 3535 481 3561 ,
489 3515 571 3568 quum
583 3494 618 3549 de
662 3509 764 3564 turoe,et
773 3500 901 3548 statuaria
907 3536 915 3560 ‚
926 3497 1110 3569 sculpturaque.
1120 3500 1174 3551 Eu.

107 3577 286 3629 remotissimis
303 3577 433 3629 Varronis
452 3576 618 3647 temporibus
703 3579 749 3633 ιθ.
768 3577 907 3646 Antequam
918 3575 1005 3645 finxit.
1025 3578 1176 3648 Antequam

107 3673 176 3709 nurse
193 3668 298 3728 agatur.
319 3658 355 3709 At
370 3657 434 3727 Bag.
461 3674 491 3719 a,
508 3674 616 3726 «aquo
658 3670 796 3728 protypou
810 3673 856 3709 seu
871 3657 1067 3726 proplasmsex
1083 3656 1176 3727 argilla

108 3734 172 3787 lecta
199 3748 293 3806 panset
317 3753 397 3799 uvas,
430 3736 494 3789 item
529 3736 617 3805 posci·
661 3737 749 3791 fiuxit.
765 3736 856 3789 Hsan.

106 3813 229 3884 adspectu
239 3813 410 3869 discerneres
425 3814 577 3868 retiensis
588 3828 615 3869 et
702 3836 746 3885 ¹9·
780 3817 965 3887 Teutonumque.
995 3812 1092 3883 Spuris
1117 3814 1174 3867 hae

107 3894 150 3946 ulii
162 3895 261 3965 puriter
274 3895 389 3950 codices.
400 3892 435 3947 Η.
444 3926 485 3939 -
497 3896 569 3947 Brut.
581 3913 614 3949 ex
657 3895 783 3949 videntur
791 3908 816 3948 et
826 3892 994 3965 interpolata.
1006 3892 1090 3945 Natus
1102 3905 1175 3947 certe

108 3971 169 4026 edit.
181 3993 224 4044 pr.
243 4000 254 4021 ι
266 3974 331 4029 item
345 3974 430 4044 pisces
441 3992 509 4044 quos
525 3970 616 4045 adspe-
657 3975 791 4028 anisnus
809 3974 855 4025 ille
868 3992 900 4025 ex
916 3972 1074 4043 repetitione
1094 3990 1174 4041 supe·

108 4051 218 4106 cruda.
229 4055 284 4107 ver.
296 4053 341 4108 rix
352 4072 451 4125 posses.
463 4078 475 4099 ·
490 4054 545 4106 Eu.
658 4054 824 4107 riorimcis
839 4054 950 4105 Etruria.
963 4052 1027 4121 aeg.
1044 4068 1057 4103 a
1073 4070 1122 4121 pro
1131 4051 1173 4103 his

149 4150 192 4186 ιι.
214 4134 285 4186 Laeti·
301 4134 406 4185 Luculli.
421 4134 462 4185 De
477 4150 532 4204 quo
545 4131 614 4187 dixi·
658 4132 758 4187 habet:
776 4135 879 4187 Etruria
894 4131 1048 4200 tuulgumuls's
1062 4132 1172 4185 uccitrsm.

109 4228 164 4265 mus
173 4230 267 4284 supra.
281 4231 340 4283 esp.
357 4219 399 4277 4⁰·
418 4214 508 4267 Hsau.
658 4214 764 4279 Quibus
786 4232 817 4265 ex
837 4212 925 4265 verbis
941 4209 1006 4281 quid
1028 4210 1086 4263 elici
1108 4210 1172 4265 boni
