3100 5125
416 473 422 481 ι
461 528 618 596 LIBER
642 529 822 596 XXXVI.
1101 525 1182 600 '531

129 669 167 734 ln
181 663 291 732 Africa
303 673 493 730 nascentem
507 657 663 754 pusillum
676 685 716 729 ac
729 645 888 746 mollem⁶,
903 661 990 730 intra
1005 687 1040 730 se
1052 677 1087 731 et
1099 662 1190 735 velut

130 773 161 838 in
187 769 261 838 alvo
290 767 467 835 habentem
490 765 638 860 argillam
671 790 825 852 suavem,
848 766 1049 836 candidam:
1081 770 1187 863 ipsum

129 873 304 954 friabilem,
320 897 418 966 quem
435 872 566 940 feminei
584 897 681 945 sexus
694 886 823 967 putant.
839 875 967 942 Marem
987 889 1114 961 autem,
1133 876 1189 970 qui

129 983 160 1048 in
169 980 288 1048 Arabia
303 980 459 1063 nascitur,
475 977 609 1062 durum,
625 976 717 1070 gallae
730 978 887 1065 similem,
903 994 961 1048 aut
976 978 1190 1068 subrutilum,

127 1087 159 1153 in
177 1083 251 1153 alvo
271 1085 450 1152 habentem
466 1082 586 1151 durum
605 1082 757 1178 lapidem.
774 1086 905 1154 Tertius
919 1086 952 1152 in
971 1088 1083 1180 Cypro
1099 1089 1188 1154 inve·
1209 1123 1223 1156 s

127 1194 224 1275 nitur,
254 1189 366 1259 colore
386 1188 448 1258 illis
471 1191 504 1256 in
526 1189 639 1258 Africa
661 1189 873 1258 nascentibus
900 1189 1029 1276 similis,
1048 1191 1189 1286 amplior

127 1309 233 1365 tamen
253 1311 352 1389 atque
371 1294 524 1364 dilatatus
538 1319 546 1362 ε
562 1296 687 1363 caeteris
702 1296 790 1362 enim
805 1294 941 1390 globosa
960 1295 1066 1366 facies.
1084 1297 1193 1368 Habet

127 1403 159 1469 in
178 1401 252 1469 alvo
272 1426 408 1470 arenam
425 1400 607 1493 jucundam
632 1415 666 1468 et
684 1399 834 1494 lapillos:
854 1402 924 1495 ipse
943 1416 1010 1470 tam
1033 1402 1139 1472 mollis
1155 1419 1193 1473 ut

126 1508 221 1575 etiam
237 1507 348 1601 digitis
364 1506 488 1575 friatur.
504 1507 623 1594 Quarti
640 1509 768 1600 generis
778 1506 976 1600 Taphiusius
996 1507 1192 1603 appellatur,

126 1636 261 1682 nascens
273 1613 368 1707 juxta
390 1612 593 1715 leucadem,
613 1612 669 1680 ubi
689 1627 738 1680 est
759 1637 855 1680 mons
865 1613 1013 1707 Taphias
1022 1613 1046 1702 ⁷,
1064 1616 1119 1709 qui
1141 1613 1192 1684 lo·

125 1734 217 1788 catus
241 1733 292 1788 est
309 1718 424 1787 dextra
441 1716 671 1812 navigantibus
687 1717 729 1786 ad
745 1716 943 1787 Leucadem.
966 1722 1141 1789 Invenitur
1158 1723 1192 1790 in
1211 1736 1226 1790 3

124 1823 314 1893 fluminibus
334 1823 493 1893 candidus
515 1838 549 1892 et
571 1822 744 1893 rotundus.
763 1825 850 1892 Huic
872 1826 975 1892 estin
1001 1823 1075 1894 alvo
1090 1825 1192 1922 lapis,

124 1933 178 2023 qui
194 1945 337 2000 vocatur
347 1916 527 2015 callimus⁸,
537 1953 599 1997 nec
613 1929 793 2023 quidquam
809 1929 983 1998 tenerius⁹.
994 1933 1110 2001 Aetitae
1123 1958 1191 2001 om·

124 2035 208 2105 nes¹⁰
217 2035 362 2132 gravidis
382 2033 545 2129 adalligati
562 2033 838 2119 mulieribus‚vel
851 2035 1137 2131 quadrupedibus,
1153 2040 1189 2107 in

123 2141 284 2235 pelliculis
310 2142 568 2210 sacrificatorum
590 2139 798 2222 animalium,
826 2141 1028 2212 continent¹¹
1058 2157 1189 2237 partus,

123 2271 201 2335 non,
216 2249 281 2317 nisi
295 2245 524 2343 parturiant¹²,
544 2246 752 2317 removendi:
769 2245 891 2341 alioqui
901 2247 1008 2317 vulvae
1020 2249 1186 2319 excidium

121 2505 211 2575 priora
220 2502 341 2557 Isidorus
350 2506 482 2577 agnoscit,
494 2504 569 2577 Orig.
584 2505 632 2558 lib.
677 2502 819 2556 lectionem
831 2522 888 2556 eam
899 2503 975 2559 avide
990 2505 1132 2559 Salmasius
1149 2525 1190 2560 sr·
1224 2555 1237 2581 ·

121 2586 275 2657 XVI,osp.
292 2593 317 2648 4.
331 2585 422 2639 Hiran.
677 2584 756 2652 cipit,
771 2585 799 2635 in
812 2584 895 2637 Solin.
904 2604 965 2657 pag.
976 2585 1044 2657 713.
1056 2586 1149 2639 Haan.

161 2668 188 2716 6.
204 2666 325 2717 Pusillum
339 2685 368 2717 ne
377 2666 478 2717 mollem.
491 2664 634 2734 Reperitur
717 2682 743 2731 9.
761 2664 815 2717 Nec
824 2664 953 2737 quidquam
965 2670 1074 2717 tenerius.
1086 2666 1118 2718 ln
1131 2666 1187 2737 ipsa

121 2745 348 2815 propeViennam
359 2745 387 2796 in
396 2744 546 2814 rivulo,qui
559 2761 635 2795 mon·
677 2739 766 2794 fodias
799 2744 884 2796 aetius
918 2743 1021 2817 lapides
1053 2746 1189 2799 tenerrimi

121 2834 174 2875 tem
187 2824 340 2876 Salomonis
347 2823 510 2894 praeterflnit.
519 2824 618 2875 Diuo.
676 2834 738 2874 sunt
748 2835 774 2874 et
785 2822 859 2876 citrei
875 2823 990 2877 coloris:
1005 2841 1064 2876 aere
1074 2824 1189 2893 perculsi

160 2903 367 2972 7.Ubiestnrons
381 2902 633 2973 Taphius.Taphias·
677 2899 834 2966 durescunt,
858 2903 965 2974 pariunt
982 2914 1008 2956 et
1022 2903 1187 2974 nigrescunt.

120 2997 165 3034 sus
179 2983 276 3045 collis,
289 2980 324 3033 de
334 3000 389 3053 qno
399 2982 513 3035 diximus
523 2982 550 3034 in
561 2981 633 3033 Geo·
677 2979 824 3047 Nondum,
837 2995 868 3033 nt
883 2980 998 3045 videtur,
1020 2982 1190 3035 innotuerant

119 3062 271 3132 graphicis,
287 3060 335 3112 lib.
357 3062 483 3133 1v‚cap.
506 3062 531 3115 3.
552 3061 632 3114 Hunc
676 3060 761 3112 aetite
774 3058 891 3131 lapides,
903 3056 1188 3132 quosAEgyptusfdrt3

119 3140 208 3193 locum
226 3160 260 3194 ex
275 3138 330 3192 fide
349 3140 447 3193 codicis
467 3140 576 3193 comt
593 3158 636 3192 rs·
678 3140 708 3191 ni
722 3138 789 3192 forte
796 3140 925 3211 sintqnos
932 3154 958 3193 et
967 3138 1002 3193 de
1014 3140 1102 3193 Africa
1114 3159 1188 3193 eom·

117 3233 312 3289 presentamus
321 3241 327 3271 ε
336 3238 420 3291 quum
434 3220 497 3273 libri
510 3222 636 3271 hactenus
678 3220 836 3272 memoravit
850 3220 957 3272 Plinius.
969 3222 1053 3273 Bsor.

119 3300 187 3352 editi
201 3299 302 3353 insulse
318 3299 390 3351 bunc
403 3300 493 3351 locum
511 3300 547 3351 ita
566 3298 636 3350 refe·
722 3315 763 3350 so.
773 3301 865 3350 Aenea
875 3318 962 3352 ornnes.
975 3300 1080 3364 Aetius,
1092 3299 1140 3354 lib.
1152 3301 1188 3365 11,

117 3392 180 3432 rant
190 3400 197 3430 z
211 3404 223 3426 ι
230 3382 308 3449 juxta
314 3376 473 3443 leucadem,
481 3379 509 3430 in
518 3378 636 3448 Taphiu·
679 3393 737 3446 cap.
745 3375 794 3434 3²,
804 3396 862 3449 pag.
874 3380 908 3443 54
918 3392 993 3450 ,post
1003 3378 1093 3431 Diosc.
1103 3379 1189 3445 lib.V,

118 3477 161 3522 sa,
180 3460 229 3531 qui
242 3459 317 3511 locus
328 3470 367 3510 est
382 3455 474 3511 dextra
486 3456 634 3528 naviganti·
678 3472 737 3526 cap.
747 3462 809 3509 161.
824 3458 916 3511 Hsun.

117 3538 170 3590 bus
183 3556 220 3590 ox
229 3538 282 3590 bac
295 3536 330 3589 ad
340 3536 497 3590 leucadem.
514 3562 525 3583 ι
545 3538 579 3589 Η.
721 3552 763 3587 rr.
783 3536 913 3589 Continent
923 3550 1019 3609 partia.
1040 3536 1126 3590 Solini
1141 3556 1188 3609 pa·

159 3618 188 3671 8.
212 3618 268 3685 Qui
287 3628 390 3668 φασιν
408 3617 525 3671 callimus.
546 3616 634 3684 Lege:
677 3612 1013 3686 raphrasis,cap.xxxvrr.
1038 3635 1098 3689 pag.
1123 3620 1159 3686 67
1180 3633 1187 3668 :

120 3722 132 3743 ι
147 3696 222 3749 Huic
233 3710 273 3748 est
286 3697 314 3747 in
328 3696 390 3749 alvo
402 3696 483 3768 lapis,
501 3696 548 3767 qui
559 3712 636 3746 roca-
683 3720 694 3741 ι
709 3695 790 3763 Spem
808 3695 876 3748 uteri
897 3694 1017 3749 defendit
1038 3714 1052 3747 a
1073 3694 1189 3747 flirsibus

117 3787 165 3827 tur
187 3774 331 3838 Calatinus,
355 3802 367 3823 ι
392 3794 407 3827 a
431 3776 519 3828 colore
537 3773 636 3827 scilicet
679 3774 815 3827 abortivis.
831 3800 841 3821 ι
858 3774 1029 3844 H.-Nugae
1041 3775 1189 3827 mermEu.

116 3855 234 3907 calaino.
245 3854 361 3908 Sasiam.
372 3884 412 3895 -
425 3854 550 3907 Collinas.
566 3853 636 3905 Κίλ-
723 3854 840 3918 ra.Non,
849 3858 1051 3925 nisipartariont.
1066 3854 1125 3905 Non
1138 3853 1190 3906 nisi

116 3942 199 4004 topoe,
207 3934 395 4003 pulcherrimus,
405 3933 635 3993 anominesrittoe.
680 3949 762 4003 quum
773 3933 925 4004 parturiunt
933 3931 1089 3987 removendi
1109 3955 1115 3985 :
1132 3945 1190 3987 tum

116 4014 285 4085 ΒΗΜΛ,
299 4011 635 4084 probatioresquecodioes.
680 4029 744 4065 vero
767 4012 882 4065 maxime
903 4009 1061 4075 auferendi,
1091 4012 1191 4084 alioqui

117 4093 229 4146 Tamen
243 4093 270 4145 in
285 4092 362 4145 Colb.
378 4094 412 4158 3,
432 4093 559 4145 caninus:
572 4090 634 4149 scd,
679 4091 759 4144 rulva
771 4093 964 4162 corrumpitur,
974 4103 1078 4145 retento
1091 4088 1193 4146 diutius
1246 4082 1257 4103 “

114 4184 148 4225 at
169 4190 284 4234 remur,
306 4171 461 4226 mendose:
483 4188 636 4243 quanquam
680 4182 769 4242 partu.
784 4172 876 4225 Haan.

960 4264 1023 4352 34²
