3100 5125
363 500 432 596 298
635 502 672 570 e.
698 501 865 569 amun
891 501 998 568 uxr.
1025 497 1155 566 msr.

330 679 342 713 ι
413 635 489 702 XII.
521 621 621 725 (vx.)
647 634 732 702 Sunt
757 646 868 702 autem
896 631 1023 701 colores
1044 631 1165 700 austeri
1176 627 1197 714 ¹,
1219 641 1277 696 aut
1303 627 1425 698 floridi.

262 772 266 782 ‘
360 741 548 834 Utrumque
565 752 682 806 natura
695 789 704 822 ,
719 752 777 807 aut
794 741 936 807 mixtura
948 737 1069 805 evenit.
1088 734 1210 804 Floridi
1228 747 1322 819 suut,
1339 760 1424 828 quos

360 845 513 913 dominus
535 844 682 938 pingenti
706 843 871 938 prastat²,
893 845 1047 926 minium,
1069 842 1285 927 Armenium,
1309 841 1421 908 cinna·

360 950 464 1037 baris,
476 947 698 1044 chrysocolla,
709 950 880 1032 Indicum,
894 933 1149 1043 purpurissum³.
1159 945 1278 1016 Castori
1290 949 1424 1016 austeri.

360 1058 411 1124 Ex
423 1055 576 1126 omnibus
592 1053 646 1124 alii
663 1069 856 1143 nascuntur,
872 1053 927 1123 alii
943 1041 1056 1125 fiand.
1071 1055 1262 1122 Nascuntur
1280 1052 1421 1145 sinopis,

361 1161 493 1229 rubrica
501 1147 524 1244 ⁵,
537 1163 773 1255 paraetonium,
790 1159 965 1241 melinum,
979 1160 1120 1244 Eretria,
1131 1158 1423 1284 auripigmentum.

363 1268 481 1336 Caeteri
498 1265 681 1359 finguntur,
699 1267 910 1359 primumque
930 1289 1012 1358 quos
1033 1265 1066 1330 in
1085 1262 1225 1332 metallis
1268 1260 1423 1330 diximus.

361 1374 552 1440 Proetcreac
566 1369 750 1456 vilioribus,
770 1371 873 1440 ochra
881 1369 905 1457 ⁷,
920 1355 1070 1440 cerussa⁸
1093 1383 1187 1456 usta,
1201 1366 1425 1452 sandaracha,
1508 1413 1512 1420 -

362 1476 495 1561 sandix,
514 1477 684 1569 Syricum,
704 1490 937 1545 atramentum.

331 1648 342 1678 ι
416 1584 511 1651 XIII.
543 1583 674 1676 Sinopis
692 1583 827 1651 inventa
850 1580 919 1650 est¹
944 1582 1088 1675 primum
1112 1581 1145 1647 in
1174 1583 1280 1648 Ponto
1308 1604 1315 1645 :
1347 1578 1427 1646 inde

360 1756 483 1827 aptabat,
495 1754 644 1825 neqneluci
652 1794 661 1820 ,
670 1773 756 1826 neque
765 1754 868 1808 umbras
910 1766 955 1807 aut
964 1753 1041 1807 flunt.
1050 1753 1209 1817 Nascuntur,
1218 1765 1249 1804 nt
1257 1751 1373 1821 sinopis,
1381 1771 1428 1804 ru-

360 1853 407 1888 sua
420 1835 488 1888 ratio
502 1834 641 1887 constabit.
652 1834 789 1887 umn-
798 1835 867 1885 ilar·
911 1834 992 1896 brice,
1003 1831 1185 1903 paraetonium,
1195 1830 1331 1895 melinum,
1344 1831 1427 1883 tresis

361 1933 453 1984 mopso.
475 1915 608 1983 Harmoge
628 1913 688 1976 illa,
705 1913 783 1966 nobis
800 1931 868 1984 quo·
911 1909 1154 1982 (Papias,saecia),
1165 1910 1422 1980 auripigmentum.-

361 2011 413 2064 qoe
428 1993 644 2060 est,l'larmom'e.
657 1993 741 2044 Bror.
914 1991 969 2044 Ubi
993 2009 1074 2044 nemo
1096 2009 1150 2042 non
1177 1990 1302 2059 intelligit
1331 2007 1427 2042 vocem

400 2072 464 2125 XII.
482 2092 507 2126 1.
522 2073 629 2125 Austeri.
647 2071 788 2124 bustarum
801 2071 873 2130 colo·¹
912 2089 967 2124 esse
981 2070 1060 2122 nihili
1068 2071 1148 2136 sretia
1163 2087 1213 2138 pro
1223 2069 1340 2132 Eretria,
1353 2085 1425 2120 ama-

361 2169 418 2203 rem
427 2151 654 2204 Graecivocantrl
666 2150 777 2219 papiani
785 2152 868 2220 πικρὸν
911 2151 1053 2203 nuensium
1066 2148 1130 2201 vitio
1146 2148 1324 2200 substitutam.
1336 2147 1425 2200 Hann.

360 2237 459 2300 χρῦμα.
473 2230 557 2293 Galli,
575 2230 673 2282 eosskur
683 2231 800 2298 chargis,
808 2231 869 2294 son·
954 2229 981 2282 5.
994 2229 1232 2298 Nascuntursinopis
1240 2266 1247 2291 ,
1256 2226 1425 2294 rubrica,etc.

361 2315 410 2371 cde,
421 2313 463 2382 qui
476 2312 520 2361 a'a
536 2314 608 2379 point
617 2308 717 2360 d'e'clat.
730 2307 869 2362 Floridum
914 2307 977 2360 Isid.
990 2309 1071 2372 XIX,
1087 2325 1128 2378 17.
1145 2304 1237 2359 Banu.

361 2389 416 2452 itti,
430 2389 478 2452 ,ὀξυ
495 2395 600 2460 χρῶμα,
623 2387 666 2440 isti
684 2390 782 2440 couleur
801 2391 869 2450 uiue,
951 2391 978 2440 6.
999 2389 1067 2456 Quos
1086 2390 1112 2437 in
1132 2385 1236 2438 metallis
1252 2385 1365 2436 diximus.
1388 2386 1426 2437 Ut

361 2469 487 2521 s'clatme.
500 2467 587 2519 uaso.
914 2485 1019 2537 aerugo,
1031 2465 1065 2518 de
1076 2483 1129 2536 qua
1138 2465 1275 2536 superiore
1287 2465 1358 2517 libro
1370 2465 1426 2534 egi·

403 2567 429 2600 a.
443 2548 510 2617 Quos
522 2546 631 2599 dominus
640 2548 752 2617 pingenti
759 2558 871 2617 prestat.
915 2566 984 2599 mus.
997 2547 1088 2610 llsnn.

362 2627 417 2692 Qui
429 2628 574 2697 picturam,
588 2645 633 2679 seu
644 2628 761 2680 tabulam
773 2628 871 2680 lacien-
955 2646 982 2697 7.
1005 2626 1318 2688 Pratsreaeuiiioribus,
1342 2626 1427 2678 oclus.

361 2704 423 2759 dam
443 2706 520 2759 locat.
537 2705 588 2757 Hic
607 2706 708 2757 colores
725 2706 771 2777 qni
791 2706 872 2759 modo
914 2703 1067 2775 Legendum
1082 2724 1113 2757 ex
1126 2716 1179 2757 vet.
1193 2703 1252 2757 cod.
1268 2731 1279 2751 ι
1293 2704 1427 2757 Praeterea

360 2784 539 2856 appellantur,
552 2786 658 2837 emebat
674 2783 708 2837 de
724 2804 787 2848 suo,
804 2804 873 2855 pras-
915 2802 930 2836 c
947 2784 1086 2837 vilioribus
1108 2784 1189 2835 ochra
1209 2794 1284 2847 usta,
1296 2783 1424 2836 rubrica:

361 2865 497 2933 stabatque
514 2863 627 2933 pictori,
642 2877 753 2935 propter
770 2865 872 2935 magui·
915 2882 1036 2929 cerussa,
1055 2862 1171 2933 sandyx,
1193 2863 1345 2933 scyricum:
1366 2882 1426 2915 san·

363 2942 482 2995 tudinem
497 2942 587 3013 pretii.
602 2943 694 2995 llsau.
915 2941 1028 2996 daracba
1058 2960 1065 2994 t
1098 2954 1283 2995 atramentum.
1302 2966 1313 2988 ι
1339 2942 1425 2994 chra

404 3021 431 3074 3.
445 3022 571 3084 Indicam,
583 3028 757 3090 purpurissum.
776 3023 814 3074 Ut
833 3021 873 3074 in·
915 3020 1022 3093 quidem
1043 3022 1130 3073 nativa
1149 3040 1257 3091 prorsus
1274 3033 1328 3078 est,
1351 3019 1426 3091 quod

363 3099 454 3153 dicum
464 3119 557 3171 spuma
568 3112 607 3153 est
618 3100 739 3153 innatans
748 3101 872 3165 cortinis,
915 3114 1005 3171 aperte
1020 3100 1155 3154 Victorius
1178 3112 1288 3153 testatur
1303 3119 1310 3153 :
1335 3118 1426 3153 verum

362 3180 499 3251 inquibus
511 3181 623 3250 glastum
638 3181 762 3250 coquitur
778 3181 872 3251 pannis
916 3199 989 3234 exea
1007 3180 1036 3232 fit
1053 3180 1166 3234 rubrica
1185 3198 1283 3250 genus,
1296 3192 1325 3232 ut
1338 3198 1370 3231 ex
1384 3196 1427 3231 ce·

260 3270 263 3276 '
362 3257 510 3330 tingendis,
523 3259 561 3311 sic
577 3260 761 3330 purpurissum
780 3278 873 3329 spuma
915 3278 989 3313 russa
1006 3258 1109 3329 sandyx
1121 3272 1147 3311 et
1163 3260 1303 3329 scyricum.
1319 3259 1387 3311 Du..

362 3351 402 3391 est
417 3339 525 3392 collecta
538 3338 724 3392 effervescente
738 3356 874 3410 purpura,
958 3340 986 3392 8.
1001 3339 1113 3391 Cerussa.
1135 3338 1202 3402 Qus
1226 3350 1253 3390 et
1276 3337 1424 3392 adulterina

363 3435 447 3488 quum
457 3435 488 3468 ex
499 3436 528 3469 ea
540 3417 655 3469 tinctura
663 3417 814 3471 coniicitur.
821 3418 875 3471 Lo·
917 3416 1076 3471 sandaracha
1095 3430 1151 3469 tum
1168 3418 1324 3487 appellatur,
1343 3429 1372 3470 ut
1388 3414 1428 3469 di·

363 3515 396 3549 co
408 3495 557 3567 purpurissi
571 3496 687 3566 pictores
704 3515 777 3550 nunc
795 3509 875 3550 utun·
918 3511 993 3550 cetur
1005 3515 1063 3567 cap.
1083 3516 1129 3549 aa.
1141 3494 1232 3547 liano.
1403 3556 1407 3568 ¹

365 3587 409 3628 tur
421 3575 493 3627 lacca
503 3575 584 3629 mixta
595 3594 656 3629 cum
671 3577 793 3629 coerrdeo.
802 3576 871 3631 Dan.
958 3577 1034 3629 XIII.
1051 3595 1075 3629 ι.
1085 3575 1190 3645 vSinopis
1207 3579 1358 3627 inventust.
1375 3576 1429 3626 llu-

407 3661 433 3719 4.
456 3656 498 3706 Es
522 3656 628 3707 omnibus
659 3656 705 3706 aiii
732 3669 876 3719 susannem,
919 3655 1019 3708 bricam
1033 3655 1179 3727 sinopicam
1196 3657 1279 3725 μίλιον
1294 3656 1427 3710 assumatis

364 3735 412 3786 aiii
420 3730 504 3803 firme.
514 3735 569 3785 Alii
579 3771 587 3798 ‚
598 3735 704 3805 inquit,
718 3734 820 3787 colores
828 3754 876 3787 na·
921 3748 999 3787 vocat
1014 3736 1103 3787 Diosc.
1116 3736 1151 3797 V,
1168 3752 1233 3798 111,
1252 3746 1277 3785 et
1290 3734 1428 3805 Tlreopbr.

367 3814 416 3866 tivi
428 3825 508 3877 sunt,
521 3812 565 3865 alii
580 3813 680 3867 fictitii.
696 3814 877 3885 Transcripsit
921 3815 969 3867 lib.
985 3815 1132 3883 stipitibus.
1148 3815 1248 3867 Dacsc.
1266 3843 1307 3855 --
1322 3812 1428 3882 Sinopis.

365 3892 441 3944 hunc
463 3892 551 3944 locum
577 3912 610 3946 ex
635 3892 722 3944 Plinio
742 3892 876 3958 Isidorus,
921 3894 1012 3946 Genus
1036 3907 1075 3945 est
1098 3892 1211 3946 rubrica
1235 3891 1431 3945 laudatissimae.

367 3972 447 4036 xlx;
466 3988 499 4022 ex
514 3968 618 4031 Isidoro
630 3972 736 4042 Papias,
749 3973 777 4024 iu
790 3972 877 4025 Voca·
921 3972 1072 4036 Vitruvius,
1085 3973 1149 4038 VII,
1163 3992 1189 4042 7,
1207 3992 1236 4043 p.
1256 3972 1332 4039 1392
1350 3997 1361 4018 ι
1376 3973 1432 4023 liu·

368 4048 491 4113 bulario,
514 4048 561 4103 sed
590 4064 701 4120 uterque
727 4050 875 4105 mendose:
920 4051 1000 4105 brica
1015 4052 1123 4123 copiose
1133 4052 1221 4104 multis
1236 4051 1434 4105 lociseximun,

372 4152 383 4175 ι
399 4128 509 4181 Colores
532 4140 619 4182 autern
644 4142 690 4183 aut
713 4142 876 4195 nascuntur,
922 4144 973 4197 tur,
986 4130 1031 4185 sed
1042 4132 1149 4203 optime
1162 4130 1267 4202 paucis,
1278 4142 1308 4183 ut
1321 4130 1348 4183 in
1360 4130 1433 4187 Poro
