3100 5125
338 511 406 581 on
430 512 642 582 crunno
666 513 730 582 nr
753 511 964 582 scanno.
1116 536 1179 609 ψ

107 630 277 685 buentibua
288 649 352 685 saxo
363 629 478 685 candido
492 644 537 684 ant
546 631 625 685 rulo:
643 649 837 704 nonnunquam
859 631 939 684 etiam
957 629 1085 688 fluonbns
1105 635 1186 698 albis,

109 719 204 782 flavis,
221 731 269 772 ant
281 719 410 772 viridibus
419 719 587 774 admiscetur.

144 807 257 860 Plumbi
272 809 374 860 minere
389 807 514 860 nonnihil
527 807 629 880 argenti
645 807 699 860 iere
711 824 818 878 semper
838 806 974 872 continet3
989 820 1014 860 et
1027 807 1186 879 quibusdum

112 896 139 948 in
153 895 330 968 regionibua‚
344 909 374 948 ut
389 897 417 948 in
431 897 529 969 Angliae
550 896 684 968 provincia
702 913 761 967 que
776 898 903 965 dardigan
917 895 1029 960 dicitnr,
1040 898 1188 969 plumbaria

110 1002 180 1037 rena
191 984 299 1056 argenti
312 983 380 1037 aden
390 985 464 1037 ierax
475 999 524 1047 eet,
535 998 566 1037 nt
577 969 726 1038 ex'minerae
736 983 811 1036 libria
825 983 929 1037 duobus
942 985 1060 1038 millibus
1068 1025 1076 1050 ,
1085 987 1187 1050 decem,

110 1069 286 1142 quindecim,
298 1086 326 1125 et
337 1089 532 1143 nonnunquam
547 1071 642 1142 viginti
657 1070 760 1140 argenti
772 1069 846 1122 librar
862 1071 1042 1126 extrahantur.

148 1158 247 1211 Plures
256 1169 320 1210 aunt
328 1157 431 1229 plumbi
442 1159 548 1211 minero
563 1158 591 1210 in
604 1156 733 1229 llispania
742 1195 749 1220 ,
759 1156 853 1218 ltalia,
864 1169 888 1210 et
898 1157 1050 1212 Germania.
1059 1160 1090 1212 In
1101 1161 1185 1215 Gallia

113 1261 226 1316 quoque
236 1262 293 1296 non
304 1242 416 1310 derum,
430 1243 477 1297 aed
486 1263 521 1297 ex
530 1243 572 1296 bis
581 1243 715 1297 metallum
724 1242 883 1296 difficillime
892 1244 1046 1298 extrahitur.
1058 1245 1188 1318 Frequen-

114 1333 198 1386 n'oreu
208 1345 233 1384 et
250 1331 346 1384 divites
359 1344 422 1383 aunt
436 1332 464 1384 in
476 1331 568 1402 Angliu
581 1329 688 1383 tudine.

151 1422 198 1474 ob
215 1423 325 1475 eximin
341 1422 422 1494 bnjur
432 1422 532 1475 metalli
553 1421 645 1487 dotes,
663 1422 818 1474 Paracelaus
834 1421 901 1474 illud
915 1435 1039 1494 quartam
1053 1424 1190 1478 medicine

117 1511 272 1564 columnam
285 1512 461 1582 nuncuparit.
482 1511 531 1563 Per
548 1530 575 1563 se
593 1510 743 1582 refrigerat,
761 1511 906 1576 incrassat,
921 1512 1038 1583 repellit,
1049 1514 1189 1576 obeorbet,

118 1610 145 1654 et
155 1598 304 1651 humorum
318 1598 492 1650 acrimoniam
504 1596 647 1651 demulcet.
657 1599 803 1650 Veneream
815 1595 952 1650 libidinem
966 1617 1057 1652 arcere
1066 1600 1192 1666 creditur,

120 1686 259 1758 sangninia
281 1686 440 1757 pblogoaes,
461 1666 632 1758 partinmipne
650 1685 873 1739 inflammationes
895 1703 1070 1759 compescere.
1088 1688 1190 1742 Verum

120 1772 208 1828 nervis
219 1791 333 1844 prorana
342 1773 479 1826 inimicum
493 1787 532 1826 eet
544 1785 570 1826 et
583 1773 700 1826 noxium.
713 1775 788 1826 lntne
806 1786 941 1845 cumptum
956 1776 1084 1828 stomachi
1102 1781 1190 1848 gravi·

122 1873 203 1915 tatem
216 1880 280 1914 cnm
296 1860 456 1913 torminibus
467 1860 533 1914 diris
547 1861 661 1927 invehit,
673 1863 764 1914 alvom
780 1872 805 1913 et
817 1860 919 1913 urinam
933 1863 1091 1933 supprimit,
1111 1883 1193 1918 mem·

124 1951 237 2004 brorum
251 1963 395 2004 tremorem
408 1962 434 2002 et
456 1969 592 2022 spasmum
614 1951 724 2015 excitat,
741 1949 878 2003 difficilem
898 1951 1100 2022 respirationem
1116 1953 1194 2008 atteri

125 2059 156 2092 ac
169 2039 278 2092 tandem
290 2039 503 2093 suffocationem.
517 2037 597 2105 Quod
614 2039 722 2112 quidem
738 2058 752 2091 a
769 2029 985 2110 quamplurimis,
1007 2041 1074 2092 tristi
1086 2041 1192 2113 quidem

125 2127 303 2199 experientia,
314 2129 518 2199 comprobatum
531 2127 595 2192 fuit,
612 2127 660 2199 qni
672 2145 754 2180 norae
765 2127 934 2198 gravisaimar
948 2139 974 2181 et
991 2145 1059 2200 sepe
1073 2129 1194 2184 immedi-

127 2215 222 2269 crbilea
234 2215 353 2287 perperci
368 2229 431 2269 aunt
443 2235 459 2268 a
475 2227 541 2286 potu
560 2214 685 2268 vinorum
691 2256 699 2281 ,
712 2233 771 2287 que
787 2213 903 2268 acidiora
923 2216 964 2268 vel
981 2219 1128 2270 acescentia
1145 2237 1194 2290 per

126 2304 302 2376 lithargyrum
323 2304 469 2357 immissum
487 2302 604 2358 nefando
622 2303 767 2372 mangonio
782 2302 902 2356 edulcata
923 2303 1038 2356 fuerunt.
1051 2305 1194 2360 Plumbum

127 2391 214 2464 itaque
227 2404 254 2444 et
267 2391 358 2444 omnia
368 2393 426 2464 ejna
436 2405 583 2464 preparata
598 2384 659 2444 nabi
669 2391 759 2462 potina
772 2402 880 2444 externo
895 2408 975 2460 qnam
994 2393 1097 2445 interno
1113 2392 1195 2447 desti·

109 2489 112 2494 '
128 2477 214 2531 nanda
228 2497 285 2530 esee
297 2480 395 2550 procul
408 2477 491 2531 dubio
505 2493 652 2531 censemur.

96 2571 99 2583 ¹
161 2568 238 2620 Inter
250 2567 357 2638 plumbi
375 2578 519 2638 praeparata
542 2564 704 2620 recensenda
726 2576 788 2617 sunt
809 2559 897 2634 primo
913 2582 942 2619 ea
957 2584 1016 2636 qum
1035 2578 1196 2621 recrementa

130 2653 270 2716 dicuntur;
284 2654 341 2707 calx
351 2672 447 2725 nempe
461 2672 508 2707 een
519 2653 599 2716 cinis,
611 2651 739 2714 minium,
754 2650 931 2723 lithargyrus‚
944 2653 1086 2724 plumbum
1098 2668 1196 2719 natum,

130 2755 157 2797 et
165 2762 275 2797 cerueaa
286 2760 294 2795 ι
305 2741 402 2795 deinde
416 2741 547 2814 chyrnica
555 2741 774 2813 praeparationes,
784 2756 843 2811 qun
854 2740 913 2793 usui
923 2740 1027 2794 medico
1038 2741 1198 2812 inserviunt,

130 2832 230 2886 acilicet
244 2844 349 2885 acetum
362 2832 463 2886 autumi
472 2872 480 2896 ,
490 2831 528 2883 sal
543 2849 589 2883 seu
601 2828 758 2882 arccbarnm
778 2828 878 2881 saturni
883 2867 892 2893 ,
911 2829 1072 2894 balsamum,
1085 2842 1111 2884 et
1129 2833 1198 2904 ejur-

130 2920 190 2974 dem
204 2921 316 2992 spiritns
330 2918 426 2973 ardena
437 2938 468 2973 ac
479 2920 577 2973 oleum.

164 3010 244 3073 calx,
258 3008 302 3062 rel
312 3008 380 3063 einis
391 3008 507 3079 plumbi,
522 3019 547 3060 et
562 3006 675 3060 minium
692 3004 730 3058 sic
745 3018 935 3076 preparantur.
949 3005 1090 3059 Plumbnm
1109 3006 1136 3058 in
1151 3026 1197 3079 pu-

132 3098 194 3151 tella
208 3109 296 3149 terrea
311 3097 362 3149 lata
377 3115 432 3147 non
455 3095 577 3156 vitrinta,
590 3111 673 3166 anper
695 3093 822 3146 carbones
835 3091 979 3164 disposita,
998 3092 1128 3147 funditur.
1141 3096 1198 3147 Me-

132 3186 227 3239 tallum
241 3186 330 3237 iurum
345 3183 450 3256 epatula
462 3184 549 3235 ferrea
564 3181 665 3235 tamdiu
681 3182 806 3253 agitetur,
820 3178 908 3234 donec
921 3192 1004 3233 totum
1017 3182 1092 3234 abeat
1103 3181 1129 3234 in
1138 3184 1200 3254 pul·

133 3292 222 3325 rerem
239 3271 397 3342 subnigram
413 3268 455 3323 rel
469 3271 618 3329 cinereum,
637 3267 682 3339 qui
702 3268 773 3330 calx,
788 3268 828 3321 rel
846 3268 913 3321 cinis
926 3267 1031 3340 plumbi
1051 3266 1160 3322 dicitur.
1171 3271 1198 3324 Si

134 3360 213 3430 panio
228 3358 329 3412 diutina
342 3357 509 3412 continuetur
524 3357 606 3428 ignis,
619 3355 706 3427 pulvis
720 3354 806 3409 flavua
817 3355 917 3421 eradit,
928 3368 953 3409 et
965 3373 979 3407 a
992 3355 1135 3426 pictoribus
1145 3358 1200 3431 gal·

134 3449 189 3500 lico
206 3446 334 3500 idiomate
346 3449 461 3497 mmricoe
473 3456 651 3515 nuncupatur.
662 3441 784 3496 Tandem
797 3443 824 3494 in
837 3442 916 3495 iurno
934 3442 1077 3496 reverberii
1089 3444 1203 3497 calcina·

134 3546 177 3589 tua
189 3535 221 3587 iit
230 3532 486 3597 rubicundisrimus,
497 3544 524 3585 et
536 3531 565 3583 in
577 3530 693 3585 officinis
710 3530 823 3583 minium
839 3530 943 3583 dicitnr.

170 3623 246 3690 (Calx
259 3635 307 3676 ant
317 3622 384 3675 cinia
393 3620 512 3693 plumbi,
526 3618 630 3687 nostrie,
644 3623 720 3671 occide
729 3624 761 3671 de
767 3623 869 3687 plomb,·
886 3619 1017 3684 minium,
1028 3622 1113 3687 plomb
1126 3624 1201 3673 orire

135 3734 224 3783 rouge,
234 3716 357 3765 tri-oxide
367 3714 398 3761 de
406 3713 508 3780 plomb.)

171 3802 219 3854 Hm
231 3800 333 3873 plumbi
346 3797 549 3871 preparationem
565 3796 709 3850 humorum
723 3797 896 3851 acrimoniam
910 3795 1080 3859 obtundunt,
1097 3795 1202 3848 inflam-
1277 3870 1279 3875 ι

136 3890 281 3943 mationem
293 3888 399 3948 sedant,
408 3888 516 3939 hulcera
526 3885 639 3957 maligna
648 3885 797 3956 corrigunt,
812 3895 956 3957 expurgant
967 3882 1041 3936 etad
1051 3883 1200 3937 cicatricem

135 3976 250 4032 ducunt.
274 3975 391 4029 Minium
408 3985 549 4046 usurpatur
570 3974 597 4025 in
617 3984 754 4046 unguento
773 3972 854 4025 rubro
876 3990 921 4025 seu
942 3970 976 4024 de
989 3970 1087 4035 minio,
1105 3971 1134 4023 in
1148 3990 1203 4025 crn-

135 4066 238 4138 plastro
249 4084 299 4135 pro
316 4064 439 4117 fracturis
448 4065 481 4115 D.
494 4061 605 4126 Charus,
623 4060 651 4114 in
666 4060 804 4131 emplastro
817 4060 943 4133 styptica,
958 4070 983 4113 et
994 4058 1135 4129 emplastro
1148 4078 1204 4114 ma·

137 4153 223 4207 tricali
242 4155 389 4207 roborante
408 4148 535 4221 ejusdem.
1078 4161 1082 4175 ·
