3100 5125
378 562 427 646 44
652 560 690 629 c.
715 558 886 631 amun
909 526 1020 632 nai.
1046 557 1171 627 msa.

289 750 293 767 t
379 703 448 773 n'us
463 725 526 798 pro
541 700 656 772 decem
664 687 690 734 ⁴⁰
704 702 831 772 assibus
846 702 953 772 datus.
970 701 1061 771 Nota
1073 684 1232 794 argeuti⁴¹
1250 696 1343 767 fuere
1355 698 1442 874 iqigae

1380 830 1443 900 ege

379 822 478 903 atque
486 808 711 903 quadrigae:et
719 808 796 878 iude
805 792 1367 904 bigatiquadrigatiquediotiM01⁴²

380 942 441 999 init.
451 942 520 995 Nam
531 959 546 994 e
559 941 721 995 sextantariis
733 942 835 995 assibus
846 939 890 995 de·
931 939 1096 1013 quadrigati,
1111 951 1138 992 et
1152 938 1251 1010 bigati,
1265 958 1281 993 a
1294 938 1379 1009 figura
1392 956 1445 992 aar·

381 1039 455 1087 cem,
474 1020 519 1092 qui
540 1019 650 1075 denario
670 1033 796 1093 argenteo
813 1021 890 1093 prius
931 1021 1023 1075 laturae
1033 1019 1109 1073 dicti.
1123 1044 1135 1065 ·
1152 1020 1234 1071 Recte
1247 1036 1254 1072 ε
1267 1018 1442 1090 nequeenim

380 1102 601 1173 permutabantur
611 1119 682 1165 uno,
698 1119 782 1172 quum
794 1101 890 1173 viginti
931 1098 1057 1173 ponderis
1067 1099 1141 1151 inere
1151 1097 1319 1170 aptioribus,
1333 1096 1381 1151 sed
1390 1116 1444 1151 ce·

380 1179 506 1235 conflavit
529 1198 597 1234 asses
618 1180 747 1247 unciales,
763 1178 890 1253 deditque
930 1182 1025 1235 lature
1034 1198 1066 1235 ac
1075 1178 1155 1250 pretii
1164 1177 1286 1249 disparis.
1298 1177 1339 1231 De
1346 1176 1445 1248 bigati·

311 1290 312 1293 =
380 1277 433 1331 pro
455 1273 579 1331 argenteo
599 1258 736 1314 dumtaxat
758 1258 891 1325 sedecim,
931 1273 959 1315 et
971 1257 1133 1331 quadrigatis
1145 1258 1238 1311 embra
1247 1255 1321 1327 apud
1333 1256 1444 1309 Livium

380 1351 495 1411 quatuor
507 1338 612 1393 interim
626 1340 695 1393 lucri
708 1340 781 1407 iecit;
793 1338 892 1408 deiude
932 1340 1042 1403 mentio,
1049 1340 1067 1392 l.
1076 1338 1199 1408 xmp.
1209 1336 1274 1398 aad,
1282 1336 1441 1399 LXXXIV,

380 1431 460 1473 aucto
481 1419 597 1491 argentei
622 1420 725 1472 nummi
747 1420 836 1492 pretio
855 1417 890 1473 ud
931 1436 993 1491 pag.
1012 1425 1075 1490 407,
1091 1431 1140 1471 etc.
1160 1418 1201 1469 Ita
1216 1415 1308 1469 serrati
1321 1416 1442 1481 nummi,

379 1495 495 1553 sedecim
507 1498 694 1564 assea,iterum
706 1499 891 1570 senoszigitur
932 1516 1047 1571 quorum
1077 1495 1149 1551 idem
1179 1496 1270 1549 Livius
1297 1494 1442 1562 meminit,

381 1576 465 1631 denos
479 1578 590 1631 omuino
602 1598 611 1637 r
623 1578 675 1632 hoc
689 1592 740 1645 est,
752 1577 828 1651 quod
841 1580 892 1632 Pii·
933 1581 1024 1652 quaies
1036 1578 1158 1631 Museum
1175 1588 1295 1630 uosnum
1312 1587 1444 1641 assonat,

380 1658 442 1711 uiua
459 1658 512 1723 ait,
530 1657 559 1711 iu
579 1658 695 1730 singulos
712 1657 836 1712 denarios
850 1656 892 1712 di·
932 1659 961 1712 in
977 1658 1076 1712 familia
1096 1652 1220 1722 Aureiid,
1231 1653 1360 1722 Claudia,
1376 1656 1446 1709 Cor·

379 1734 509 1803 midium,
540 1736 594 1791 sive
628 1737 768 1792 denarium
795 1757 889 1792 uuum.
932 1738 1017 1803 nelia,
1033 1738 1062 1790 iu
1084 1754 1195 1790 nummo
1216 1735 1261 1790 cui
1282 1734 1444 1806 epigraphe,

380 1816 559 1870 Tantumdem
581 1828 607 1870 et
628 1818 655 1871 iu
681 1818 815 1891 quinarios
837 1816 891 1871 aiu·
933 1818 965 1873 L.
976 1817 1094 1872 SCIPIO
1107 1813 1226 1869 ASIAG.
1239 1814 1339 1878 Maria,
1357 1816 1444 1867 Mem·

381 1896 474 1967 gulos,
493 1897 677 1969 sestertiosque
702 1898 780 1952 lucri.
804 1898 892 1968 Erpe-
933 1896 1109 1964 mia,Neria,
1121 1894 1443 1965 Pomponia,i²ostumia,

380 1974 438 2029 dire
447 1975 519 2031 bunc
528 1974 630 2029 nodum
637 1978 781 2049 nequivere
789 1976 889 2031 Antou.
934 1977 1058 2041 Procilia,
1068 1973 1199 2047 Sulpicia:
1208 1994 1265 2029 nou
1275 1972 1373 2027 diversi
1382 1985 1445 2027 sunt

379 2057 494 2126 August·
521 2055 569 2108 lib.
588 2058 616 2109 11
638 2055 752 2111 Emeud.
775 2076 833 2129 cap.
858 2076 889 2127 73
934 2052 1343 2129 generispretiirenummirsed
1356 2052 1444 2106 abin·

282 2148 287 2173 ·
379 2134 566 2202 Budaeua,lib.
579 2136 616 2202 V,
627 2134 661 2189 de
672 2155 740 2203 ease,
750 2157 809 2210 pag.
826 2136 893 2208 173,
934 2135 1032 2191 cisisiu
1045 2152 1122 2189 serre
1136 2132 1247 2187 modum
1260 2133 1444 2187 nummimar·

380 2214 546 2287 minimeque
564 2215 684 2270 omnium
699 2217 892 2283 Alciatus,lib.
935 2216 1054 2288 pinibus,
1075 2214 1167 2269 serrati
1187 2212 1289 2267 denarii
1307 2212 1442 2285 appellati.

381 2291 417 2346 de
432 2294 518 2347 Poud.
537 2306 563 2349 et
582 2294 667 2348 Meus.
685 2307 751 2350 tom.
765 2298 807 2349 Vl
824 2298 894 2367 Ope·
934 2294 989 2349 Sed
1005 2308 1031 2349 et
1050 2307 1140 2368 postea
1158 2305 1257 2367 praeter
1270 2293 1357 2364 bigas,
1379 2310 1442 2363 qua·

380 2390 457 2437 rum,
482 2374 530 2427 iol.
555 2392 630 2443 ²79,
654 2376 702 2428 ubi
723 2375 893 2449 despondens
935 2374 1234 2447 drigasque,impressta
1245 2386 1307 2426 suut
1315 2385 1343 2425 et
1354 2372 1445 2425 Castu·

380 2452 520 2519 animum,
533 2453 619 2506 luxata
636 2453 693 2507 haec
706 2456 812 2522 omnia,
826 2456 892 2510 auis·
935 2474 997 2509 rum
1011 2455 1040 2507 in
1055 2454 1172 2507 nummis
1185 2452 1322 2523 imagines,
1337 2470 1401 2504 mox
1416 2462 1444 2504 et

381 2550 434 2604 que
443 2545 512 2588 mota
524 2531 630 2587 sedibus
641 2551 711 2601 csse,
722 2535 819 2591 frustra
829 2554 892 2590 cou-
935 2535 1094 2590 familiarum
1103 2533 1231 2606 iusignia,
1245 2532 1356 2606 aliaque.
1365 2530 1443 2584 n.-

381 2613 511 2684 queritur.
523 2613 613 2666 liano.
935 2617 1009 2669 Brut.
1024 2627 1088 2688 note
1103 2617 1200 2684 argenti
1210 2613 1291 2679 suere,
1307 2624 1358 2666 eto.
1370 2612 1423 2665 Eu.

424 2699 468 2757 ao.
483 2693 534 2744 Pro
546 2693 633 2746 dacem.
645 2692 778 2748 Militibus
791 2707 892 2761 tamen,
977 2702 1024 2758 4²·
1037 2695 1100 2747 Mox
1110 2695 1162 2764 iege
1174 2693 1315 2763 Papiriano.
1324 2690 1368 2746 Sic
1377 2689 1444 2745 editi

381 2781 415 2824 ut
436 2771 563 2824 libentius
587 2771 740 2844 diutiusque
760 2787 893 2828 mererent
935 2793 1040 2840 omnes,
1055 2792 1116 2827 cum
1127 2776 1193 2844 lieg.
1210 2791 1224 2824 a
1242 2771 1303 2826 cod.
1319 2772 1442 2843 aliisque,

382 2851 411 2903 in
427 2850 560 2916 exercitu,
577 2869 624 2922 spe
642 2849 770 2906 mercedis
788 2853 890 2918 allecti,
935 2872 1020 2926 usque
1038 2851 1073 2907 ad
1093 2853 1309 2924 Dalecampium,
1328 2852 1375 2923 qui
1392 2852 1444 2903 Pa-

382 2928 507 2984 deuarius
523 2943 675 3000 argenteus,
691 2949 747 2984 uon
760 2932 891 2999 sedecim,
930 2937 998 3006 piria
1014 2933 1125 3004 scripsit.
1145 2932 1261 2986 Nomina
1282 2932 1310 2984 iu
1324 2935 1360 2984 ias
1374 2928 1445 2983 desi·

382 3008 443 3075 sed,
460 3022 491 3062 ut
509 3009 587 3074 olim,
602 3009 694 3064 decem
709 3023 814 3064 tantum
828 3015 891 3067 assi·
934 3013 1023 3067 nentia
1042 3012 1116 3084 apud
1138 3013 1286 3078 Romanos,
1311 3009 1444 3083 primariae

380 3090 431 3143 bus
452 3088 593 3142 estimatus
610 3103 648 3144 est
665 3109 671 3144 :
690 3091 743 3144 hoc
762 3090 890 3146 diurnum
933 3105 995 3147 suut
1017 3093 1106 3163 stirpis
1129 3092 1257 3159 uomine3
1282 3103 1312 3145 ut
1337 3090 1442 3154 Julius,

380 3167 561 3240 stipendium,
587 3187 654 3223 asses
679 3169 742 3224 deni
773 3172 890 3239 scilicet,
933 3171 1089 3244 Pompeius,
1111 3171 1256 3225 Antonius.
1272 3172 1308 3225 At
1326 3171 1446 3224 desiueu-

381 3269 439 3303 uuu
453 3267 519 3315 ure,
532 3246 580 3302 aed
597 3262 720 3321 argenteo
736 3269 848 3320 nummo
861 3255 889 3306 in
933 3253 970 3305 tia
982 3253 1011 3304 iu
1026 3256 1165 3305 ioaassuut
1177 3250 1211 3304 ab
1226 3270 1309 3305 uxore
1323 3249 1441 3322 primum

381 3329 498 3400 singulos
517 3326 574 3381 dies
595 3331 732 3398 persoluti.
755 3331 824 3384 Hinc
845 3333 891 3387 ilia
933 3333 1031 3403 petita,
1052 3351 1111 3404 quae
1125 3351 1209 3403 quum
1228 3343 1296 3385 esset
1313 3331 1390 3384 heres
1411 3345 1444 3381 ex

381 3408 513 3461 Pannonii
525 3407 617 3462 militis
630 3407 702 3479 apud
712 3409 835 3464 Tacitum
845 3431 890 3466 ex·
933 3430 989 3465 asse
1003 3413 1031 3464 iu
1046 3431 1092 3466 sua
1101 3411 1200 3465 familia
1209 3451 1216 3474 ,
1226 3411 1323 3465 marito
1335 3427 1443 3480 magnas

380 3487 537 3560 postulatio,
553 3489 648 3540 Annei.
662 3489 709 3542 lib.
728 3490 758 3556 1,
771 3510 831 3562 pag.
847 3510 890 3564 17,
933 3509 997 3563 opes
1005 3532 1014 3556 ‚
1029 3492 1119 3545 liberis
1135 3491 1252 3562 opimam
1269 3487 1444 3543 hereditatem

381 3585 430 3621 our
449 3565 542 3620 decem
561 3586 641 3620 aereos
660 3587 727 3622 asses
746 3572 889 3644 reciperet,
932 3572 1042 3625 afferret
1059 3589 1121 3624 cum
1141 3571 1260 3624 nomine.
1282 3571 1326 3623 Sic
1342 3570 1445 3639 Vespa-

381 3665 437 3700 nou
448 3644 600 3711 denarium,
611 3660 641 3700 ut
651 3649 715 3700 olim
727 3664 891 3721 argenteum,
933 3651 1022 3704 siauus
1031 3669 1047 3704 a
1057 3651 1182 3721 Vespasia
1197 3652 1324 3721 conjuge,
1336 3660 1362 3702 et
1372 3647 1445 3700 fliius

381 3745 461 3798 quem
474 3724 586 3780 sedecim
600 3724 696 3780 deinde
706 3729 807 3782 assibus
816 3732 891 3784 aereis
933 3722 998 3784 natu
1013 3732 1108 3802 major,
1122 3730 1166 3783 cui
1179 3728 1283 3782 addicta
1295 3746 1324 3781 ea
1337 3726 1444 3780 heredi·

380 3818 558 3877 permutaret,
573 3819 602 3858 ut
614 3807 650 3860 sie
663 3825 740 3860 senos
753 3827 821 3863 asses
832 3828 892 3880 pos·
932 3821 973 3862 tas
990 3811 1092 3874 iuerat,
1109 3810 1186 3863 Titus
1197 3809 1383 3881 Vespasianus.
1400 3807 1445 3862 Sic

381 3899 421 3940 set
432 3886 540 3940 lucrari.
553 3884 623 3939 Vide
638 3885 764 3941 Budaeum
773 3929 782 3954 ,
792 3890 839 3942 tib.
853 3892 890 3956 V,
933 3889 1100 3942 Domitianus
1114 3909 1128 3942 a
1144 3891 1257 3960 conjuge
1272 3887 1388 3941 Domitia
1403 3906 1411 3938 τ
1427 3905 1443 3940 a

381 3963 500 4029 derasae,
514 3977 541 4017 et
556 3967 699 4020 Hotoman.
714 3987 774 4039 pag.
790 3970 835 4022 63.
854 3970 889 4024 Η.
933 3968 992 4022 Seia
1000 3968 1109 4023 Seianus
1119 3969 1262 4022 :aValeria
1270 3966 1444 4020 Valerianus:

421 4051 469 4108 aa.
493 4046 561 4099 Nota
586 4050 688 4115 urgenti.
709 4047 813 4119 Nempe
832 4068 891 4120 quaa
935 4049 1091 4102 Aurelianus
1101 4051 1134 4103 ab
1147 4049 1255 4102 Aurelia
1265 4046 1405 4104 Severiua3
1418 4059 1445 4098 et

382 4135 439 4177 tum
465 4127 538 4195 jussu
566 4138 670 4180 senatus
697 4140 737 4180 est
765 4127 892 4198 impressa
934 4129 973 4182 sic
987 4127 1133 4182 aiiiomnes
1147 4128 1301 4182 iuuummia
1318 4125 1444 4196 antiquis.

381 4205 501 4272 pecuniae
514 4223 599 4259 nuvae.
621 4206 711 4260 Festus
726 4226 733 4259 τ
752 4233 763 4254 ι
780 4208 890 4262 Nummi
934 4208 1114 4274 Quamobrem
1128 4209 1238 4263 interest
1252 4207 1304 4260 hoc
1318 4206 1379 4260 ioco
1393 4206 1445 4257 Pa·
