3100 5125
363 483 435 562 loo
631 481 671 547 C.
696 479 863 549 PLINII
888 479 994 548 NAT.
1021 477 1149 559 HIST.

364 616 505 707 Propter
516 613 603 680 hauc
622 602 834 681 Mucianus²⁸
852 611 957 682 altero
975 608 1149 681 consulatu
1168 609 1301 694 suo’⁹,'
1291 633 1327 678 ιιι
1348 631 1439 678 con·

363 720 551 849 quisitione,
569 718 782 811 exprobravit
799 721 987 812 patinarum
1005 716 1141 847 paludes
1155 659 1282 784 Vitellii
1299 737 1437 784 memo·

365 811 467 893 riae³⁰
459 849 553 911 ,nou
577 822 632 892 illa
657 823 815 912 foediore,
845 825 939 918 cujus
961 847 1090 892 veneno
1099 806 1345 916 ³¹Aspmnati³²
1373 843 1437 887 reo

365 878 498 999 Cassius
509 932 649 998 Severus
661 945 836 1002 accusator
850 929 1041 1024 objiciebat,
1057 930 1218 998 interiisse
1234 951 1329 998 cxxx
1351 950 1436 995 con·

331 1036 466 1104 tvivas.
489 1034 750 1104 Nobilitnntur
730 1061 767 1106 us
790 1035 911 1131 oppida
933 1060 1088 1131 quoque,
1111 1049 1148 1103 ut
1170 1023 1360 1171 Rhegium,
1397 1044 1433 1099 et

364 1127 511 1211 (Ῑιιιιιιιι33
514 1143 643 1211 Samia
659 1157 742 1213 testa
754 1145 873 1213 Matris
891 1145 1001 1212 Deum
1017 1127 1241 1232 sacerdotes³⁴
1243 1164 1324 1233 ,qut
1317 1137 1437 1208 Galli

405 1341 448 1393 28
463 1340 601 1393 Mucianus.
617 1341 754 1394 Licinium
773 1339 875 1394 Mucio·
917 1339 965 1394 cit.
978 1339 1026 1393 tib.
1041 1337 1076 1392 de
1095 1337 1165 1393 Clar.
1184 1337 1291 1390 Orator.
1307 1335 1438 1390 Meminit

362 1439 428 1472 num
449 1421 580 1491 significet
597 1421 751 1490 prefectum
775 1420 875 1472 exerci-
917 1431 944 1472 et
958 1417 1112 1491 Asprenatis
1128 1417 1229 1470 Hirtius
1245 1417 1273 1468 iu
1286 1415 1436 1478 Commen-

364 1512 405 1552 tus
424 1499 540 1572 Syriaci,
555 1500 602 1571 qui
612 1499 748 1552 eVitellio
760 1499 872 1565 deleuit,
917 1499 999 1553 tsriis.
1014 1500 1081 1552 Du..
1095 1529 1134 1540 -
1150 1497 1289 1566 Asprenati.
1308 1495 1381 1548 Suet.
1405 1494 1435 1548 in

362 1592 391 1633 et
409 1592 515 1634 streone
534 1579 691 1650 Vespasiani
714 1597 819 1632 oensem
845 1597 875 1632 ac
917 1578 990 1650 Aug.
1013 1595 1061 1630 ιιι
1085 1595 1093 1629 :
1117 1603 1129 1625 ι
1152 1577 1241 1640 Quum
1266 1575 1297 1628 C.
1324 1574 1435 1628 Nouius

361 1672 465 1729 portem
481 1659 577 1730 opibus
593 1658 645 1711 suis
660 1658 785 1711 omnibus
803 1657 875 1730 juvit
917 1657 1051 1730 Asprenas
1064 1656 1161 1710 erotius
1171 1655 1195 1707 ei
1206 1656 1313 1725 junctus
1327 1643 1436 1724 (Angu-

363 1737 538 1792 sodeleodit.
563 1737 705 1790 Suetonius
725 1738 753 1789 in
771 1738 874 1807 Vespe·
917 1731 969 1801 sto)
993 1753 1097 1790 oensem
1126 1733 1266 1800 veneficii,
1289 1745 1434 1786 recusante

362 1820 451 1882 siano,
466 1837 523 1890 esp.
536 1835 566 1870 vs
578 1831 605 1870 et
618 1835 687 1880 ¹1113
705 1816 790 1870 Tscit.
804 1817 874 1870 Hist.
918 1816 1007 1870 Cassio
1032 1817 1145 1878 Severo,
1164 1812 1282 1866 dioeret':
1295 1813 1433 1866 consuluit

362 1899 409 1951 tib.
422 1899 459 1952 11.
473 1900 542 1950 Dru.
916 1909 1055 1960 senatum,
1082 1891 1148 1964 qnid
1174 1893 1256 1946 officii
1281 1893 1324 1945 sni
1350 1905 1433 1964 puts·

404 1997 450 2048 ²9·
473 1978 561 2030 Altero
584 1977 709 2028 consulatu
726 1993 778 2028 suo.
794 1975 874 2028 Anno
916 1988 972 2038 ret,
987 1987 1037 2028 eto.
1058 1999 1069 2020 ι
1083 1971 1176 2026 lino.

362 2059 401 2112 U.
415 2059 447 2111 C.
462 2058 530 2110 823.
544 2057 595 2108 Eu.
794 2063 797 2070 ’
958 2054 1004 2108 33.
1027 2054 1064 2105 Et
1086 2052 1179 2105 Curuo.
1202 2051 1283 2104 Μιιι.
1304 2050 1354 2106 lib.
1379 2051 1431 2114 tv,

403 2137 446 2190 30.
456 2136 620 2208 Exprobrant
626 2137 765 2204 potinem
771 2133 874 2204 paludes
916 2151 959 2204 ep.
978 2150 1051 2196 extr,
1070 2131 1114 2185 oui
1137 2131 1232 2184 lemme
1250 2130 1432 2202 inscriptum:

364 2216 460 2269 Vitellis*
469 2218 603 2280 mensorio,
612 2226 663 2267 etc.
673 2215 932 2308 Quietumjsrp«
920 2213 1045 2266 ‹Patells
1060 2211 1201 2266 Cumano.
1214 2209 1290 2264 Hono
1307 2211 1358 2264 tibi
1375 2211 1432 2264 Cu·

361 2295 522 2367 supplicium
529 2293 640 2348 dederet
648 2294 792 2358 Vitellius
800 2305 830 2346 ut
839 2293 874 2347 sit
917 2311 998 2346 meno
1009 2289 1184 2345 rubicundum
1196 2290 1307 2363 pulvere
1321 2303 1432 2351 testem,

356 2392 469 2428 senem:
483 2365 874 2428 mdiommtoioeinvnettio
916 2372 1082 2444 Municipem
1119 2371 1191 2424 misit
1225 2383 1294 2424 costa
1329 2370 1432 2441 Sibylla
1543 2377 1544 2380 ’

359 2455 481 2526 principe
501 2467 555 2507 tem
576 2453 719 2506 immanem
738 2453 873 2524 prolusio·
917 2471 1024 2506 suanm
1014 2449 1131 2504 ιΗιιιι.
1230 2465 1234 2478 ’

359 2553 438 2600 nem,
454 2553 533 2605 quem
551 2534 580 2587 in
599 2531 748 2605 Asprenate
767 2533 873 2605 privato
959 2533 1005 2597 34.
1021 2531 1104 2587 Samia
1118 2542 1179 2583 testo
1194 2529 1284 2583 lllntris
1296 2529 1378 2582 Deum
1390 2548 1431 2582 se·

361 2615 527 2669 veneficium.
549 2614 711 2667 Gmrs.-
728 2614 873 2665 Potlnorurn
915 2614 1029 2666 oerdotes.
1051 2611 1184 2665 Arnobius
1204 2611 1251 2663 tib.
1268 2611 1305 2675 V,
1327 2608 1431 2663 advers.

355 2695 468 2767 pelides.
486 2694 640 2748 Potitiorum
661 2706 748 2746 autem
764 2692 873 2765 paludes
916 2693 995 2747 Gent.
1027 2712 1058 2745 ex
1083 2690 1226 2745 Timotheo
1255 2690 1431 2743 vetustissimo

358 2775 469 2846 figurate
496 2773 579 2841 dixit,
601 2773 730 2826 allusione
751 2773 872 2826 Pontion
915 2772 1040 2842 theologo
1057 2782 1162 2833 uertat,
1186 2771 1277 2841 Atyn,
1300 2769 1432 2822 furiarum

360 2852 476 2927 paludis,
499 2871 582 2925 quum
603 2854 692 2923 potina
712 2852 768 2923 ipse
786 2842 874 2905 liotilis
909 2852 1040 2923 ·,plenum
1053 2848 1272 2921 perbacchatum,
1285 2850 1430 2919 jactatum,

360 2947 426 2987 esoet
446 2947 473 2986 et
493 2933 574 2987 lutea.
597 2934 637 2986 De
663 2931 815 2996 Pontius,
812 2948 871 2983 seu
915 2930 1123 3003 quumsehomr
1131 2929 1286 3000 projecisset
1294 2928 1380 2981 sub
1353 2946 1431 2998 pino

359 3013 502 3085 l’omptina
530 3011 646 3083 palude,
673 3029 753 3083 qoem
782 3012 872 3065 locum
916 3023 1019 3081 arrepto
1032 3010 1144 3069 testula,
1158 3026 1238 3079 quam
1251 3006 1397 3079 Agdeetia'
1389 3027 1431 3060 rn-

360 3094 426 3147 olim
449 3093 557 3163 triginta
581 3091 661 3143 trium
677 3091 786 3144 urbium
807 3091 872 3143 Mu·
915 3091 1025 3161 stigotor
1047 3088 1168 3141 ementire
1187 3087 1432 3159 gestabam-virilis

359 3176 453 3228 olenus
477 3184 519 3225 ter
544 3172 635 3224 consul
658 3168 794 3241 prodidit,
817 3170 872 3223 Pli-
915 3166 1430 3240 sibipresecuisse,eto.1ndefeotum

358 3254 436 3317 nius,
450 3253 505 3316 111,
520 3270 578 3321 oop.
597 3270 623 3319 9.
639 3249 732 3304 lisso.
914 3262 946 3303 nt
966 3249 1037 3303 Gelli
1057 3250 1114 3320 ejus
1138 3246 1286 3299 imitatione
1307 3246 1432 3317 genitalis

402 3334 448 3386 31.
459 3331 547 3385 Non...
554 3330 672 3398 foediore,
689 3331 756 3399 enjso
769 3348 870 3381 osmno.
906 3329 965 3384 sibi
979 3340 1045 3381 testa
1057 3327 1237 3388 demeterent,
1257 3324 1304 3379 sed
1322 3324 1428 3386 Semis,

359 3412 450 3476 Quum
465 3429 520 3462 nou
532 3422 599 3462 esset
608 3409 654 3462 illa
666 3409 768 3463 Vitellii
786 3410 872 3481 impe-
914 3410 1040 3483 quoniam
1049 3411 1106 3478 ejus
1117 3406 1215 3459 volnus
1224 3405 1362 3459 innoxium
1371 3404 1432 3468 tuit,

359 3491 455 3543 rotoris
476 3489 566 3560 potine
593 3488 704 3553 imdior,
723 3508 804 3560 quem
826 3490 871 3542 ille
917 3502 944 3543 et
956 3486 991 3541 sd
1007 3483 1233 3559 proscindendum
1245 3486 1329 3547 scies,
1350 3502 1430 3557 quarn

359 3570 512 3642 Asprenatis
532 3569 649 3622 hominis
668 3568 781 3638 priveti,
795 3571 870 3641 cujus
916 3568 1044 3631 eliorum,
1058 3566 1178 3620 celerior.
1192 3565 1353 3620 Cetulluaiu
1366 3564 1429 3618 Gat-

360 3649 488 3704 veneficio
497 3649 523 3700 ei
534 3648 639 3702 Cassius
649 3648 759 3719 objecit,
771 3660 821 3701 eto.
833 3650 866 3701 H.
906 3648 1016 3701 ‘linmbo
1027 3645 1062 3700 de
1072 3646 1247 3717 Berecynthio
1258 3658 1284 3699 et
1297 3644 1355 3697 stri
1368 3644 1430 3697 soei·

401 3730 447 3783 32.
469 3730 612 3798 Asprenati.
633 3728 752 3780 Nonium
772 3729 870 3798 Aspre·
916 3728 973 3792 bit,
998 3726 1075 3779 Attin
1100 3724 1246 3779 devolvisse
1266 3738 1352 3779 ¹scuto
1379 3724 1429 3777 sibi

348 3822 446 3862 -notem
461 3807 586 3878 intelligit
601 3819 673 3859 arcto
683 3806 798 3861 smioitio
810 3809 871 3878 jun·
907 3804 1035 3877 pondere
1048 3806 1136 3871 silloe,
1151 3824 1205 3857 nou
1221 3817 1292 3857 teste.
1305 3802 1429 3866 Sanun,

358 3900 403 3941 otu
447 3906 507 3941 cnm
528 3891 661 3958 Augusto,
676 3884 711 3939 de
731 3905 787 3958 quo
805 3888 872 3941 Sue-
915 3898 1028 3940 testeum
1043 3898 1069 3936 et
1084 3898 1190 3937 acutum
1203 3902 1210 3936 :
1224 3882 1296 3937 uude
1311 3888 1428 3947 semion,

360 3979 417 4018 ton.
433 3988 460 4020 ιιι
473 3966 594 4030 Octavio,
609 3984 665 4035 cap.
684 3984 754 4018 ιιιιι
771 3978 798 4018 et
816 3984 871 4019 ιιι.
916 3984 1019 4020 acuere.
1041 3964 1111 4017 Vide
1137 3963 1253 4017 Nonium
1279 3977 1317 4016 et*
1325 3964 1429 4016 Victor.

361 4047 442 4098 Cassii
454 4048 545 4100 Severi
556 4046 678 4098 meminit
688 4058 716 4097 et
724 4045 833 4099 Sueton.
844 4047 872 4097 in
916 4046 964 4099 lib.
975 4058 1002 4099 et
1011 4062 1069 4116 cup.
1081 4045 1172 4107 xvtl,
1182 4056 1209 4096 et
1219 4044 1266 4095 lib.
1280 4044 1342 4107 XX,
1353 4060 1376 4095 o.
1387 4060 1427 4093 ro.

359 4124 480 4192 t'iseltio,
492 4143 550 4194 esp.
563 4144 605 4187 11,
621 4137 647 4179 et
659 4124 773 4189 Quintil.
787 4138 813 4179 et
822 4126 873 4178 Ta·
917 4126 985 4179 Dst..
996 4154 1036 4165 -
1047 4125 1140 4178 Satrio.
1150 4124 1273 4177 Testatur
1284 4119 1312 4175 id
1322 4138 1428 4193 quoquo
