3100 5125
332 536 400 619 244
595 533 631 600 e.
656 526 828 603 rnruu
854 535 967 604 uir.
995 527 1123 604 1r1sr.

330 671 462 740 trahere
482 667 662 736 cicatrices.
683 668 772 736 Usus
788 671 875 736 enim
896 693 935 737 ex
953 668 1093 752 eodem,
1118 684 1152 738 et
1169 672 1203 738 in
1220 671 1394 741 oculorum

331 775 592 861 medicamentis,
601 788 636 841 et
646 776 788 842 maxime
801 788 915 846 eontra
932 775 1172 868 procidentiam
1181 761 1205 801 ¹⁶
1216 799 1348 863 eorum,
1361 795 1395 848 et

330 883 520 950 inanitatem
529 877 745 960 hulcerum¹⁷,
753 882 1029 962 excrescentiave,
1046 882 1210 976 rimasque
1225 883 1324 968 sedis,
1336 898 1395 952 eut

296 1011 311 1067 ⁴
330 984 610 1067 haemorrhoidas,
629 998 687 1052 aut
705 983 947 1080 condylomata.
968 984 1018 1055 Ad
1033 985 1104 1056 haec
1123 989 1264 1058 maxime
1282 989 1395 1058 lotura

330 1092 457 1187 plumbi
480 1089 576 1159 facit:
597 1092 679 1159 cinis
700 1104 810 1158 autem
829 1093 892 1160 usti
914 1091 954 1159 ad
976 1091 1110 1160 hulcera
1133 1099 1315 1189 serpentia,
1336 1111 1395 1164 aut

331 1197 480 1269 sordida:
492 1196 671 1290 eademque
681 1221 771 1289 ,quae
786 1197 908 1266 chartis
918 1183 1042 1284 ¹⁸,ratio
1058 1199 1235 1292 profectus.
1250 1199 1397 1269 Uritur¹⁹

331 1318 440 1373 autern
460 1305 495 1370 in
511 1303 629 1397 patinis
647 1326 707 1395 per
722 1301 860 1370 laminas
880 1304 1022 1371 minutos
1037 1315 1112 1372 curn
1127 1303 1304 1399 sulphure,
1318 1331 1395 1374 ver·

331 1426 437 1480 satum
450 1406 613 1477 rudibus²⁰
621 1406 736 1475 ferreis
748 1422 805 1475 aut
818 1407 999 1494 semlaceis,
1012 1409 1118 1480 donec
1132 1409 1240 1504 liquor
1248 1426 1396 1481 mutetur

331 1519 364 1584 in
387 1517 543 1584 cinerem.
574 1515 661 1583 Dein
684 1513 916 1607 refrigeratum
945 1516 1061 1583 teritur
1088 1517 1121 1583 in
1153 1515 1300 1585 farinam.
1332 1518 1395 1585 Alii

332 1621 478 1690 limatam
496 1619 628 1689 scobem
645 1619 678 1686 in
692 1617 784 1687 fictili
800 1620 903 1689 crudo
918 1635 1065 1715 coquunt
1078 1622 1111 1689 in
1123 1624 1273 1708 cuminis,
1289 1623 1396 1693 donee

333 1740 556 1822 percoquatur
574 1723 734 1819 figlinum.
755 1723 865 1818 Aliqui
885 1749 1050 1794 cerussam
1069 1727 1208 1797 miscent
1219 1730 1291 1823 pari
1304 1754 1396 1797 men·

334 1856 425 1916 sura,
447 1845 504 1900 aut
516 1830 702 1911 hordeum,
721 1844 916 1924 teruntque,
935 1832 1017 1904 utin
1036 1830 1171 1900 crudo²¹
1186 1832 1310 1904 dictum
1330 1849 1397 1918 est,

335 1954 371 2017 et
386 1936 567 2033 proferunt
580 1937 626 2004 sic
640 1935 755 2004 tritum
769 1934 944 2030 plumbum
965 1937 1081 2032 spodio
1094 1939 1226 2033 Cyprio.

276 2044 279 2049 ’
305 2090 315 2119 1
389 2047 445 2114 LI.
459 2040 590 2112 Scoria¹
607 2065 738 2135 quoque
752 2041 879 2135 plumbi
895 2044 928 2112 in
945 2068 1008 2112 usu
1022 2057 1088 2129 est,
1101 2047 1306 2140 optimaque,
1324 2071 1398 2140 quae

336 2151 378 2219 ad
405 2149 531 2218 luteum
557 2147 699 2216 maxime
722 2146 867 2216 colorem
897 2148 1044 2233 accedit,
1076 2151 1144 2219 sine
1168 2149 1294 2245 plumbi
1325 2151 1397 2221 reli·

338 2369 399 2414 ests,
410 2349 558 2419 paldram,
569 2349 672 2416 πληρῶν
685 2344 718 2396 τὰ
730 2345 850 2416 κνιλύμὰ·
893 2345 1024 2401 medicina
1041 2367 1107 2412 usu,
1122 2348 1222 2404 dictum
1237 2364 1275 2404 est
1293 2351 1397 2414 xxw,

339 2450 390 2494 ru,
402 2429 494 2488 ςῦλιιν
507 2428 542 2479 τὰ
553 2428 577 2478 ἰν
590 2428 641 2484 τοῖς
653 2425 782 2495 ὀφθαλμοῖς
797 2426 849 2495 pri·
894 2427 941 2480 51.
957 2428 1048 2480 lleuu.

341 2528 431 2581 pere,
460 2519 513 2562 etc.
536 2505 652 2556 «Potest
677 2502 849 2575 refrigerare,
936 2524 982 2575 19.
999 2506 1092 2560 Urr'tur.
1106 2508 1173 2574 Quae
1190 2509 1274 2581 capite
1294 2509 1399 2581 reliquo

340 2588 522 2658 adstringere,
536 2582 667 2656 spiracula
685 2584 752 2637 cutis
765 2582 851 2637 obdu·
894 2588 1073 2652 continentur,
1088 2586 1197 2642 totidem
1212 2608 1240 2641 eu
1253 2589 1339 2643 verbis
1354 2609 1399 2643 ex·

342 2686 417 2733 cere,
427 2665 546 2729 mollire,
555 2681 619 2717 cura
627 2662 747 2733 explere,
757 2665 850 2717 sistere
893 2666 987 2737 pressit
998 2665 1147 2721 Dioscorid.
1161 2668 1196 2733 V,
1211 2672 1257 2735 96.
1268 2668 1319 2721 Sed
1333 2669 1399 2739 quid

344 2747 484 2800 oculorum
499 2742 642 2808 fluxiones,
655 2754 722 2795 etc.·
738 2742 829 2797 nisu.
893 2762 977 2798 ceusu
992 2746 1025 2798 rit
1037 2764 1084 2797 cur
1100 2747 1228 2800 ustionem
1247 2767 1261 2800 a
1279 2749 1399 2801 coctione

385 2829 431 2879 16.
453 2822 639 2876 Prucr'denu'am.
661 2820 787 2883 Celsvl,
810 2825 848 2875 6:
894 2824 994 2877 Plinius
1011 2842 1082 2877 nune
1098 2838 1231 2891 secernat,
1253 2846 1334 2898 quum
1356 2846 1399 2881 ea·

348 2932 360 2952 .
374 2906 575 2974 Nonnunquam
593 2900 688 2973 iugenq
701 2899 850 2954 inflamma·
894 2901 955 2955 dem
965 2902 1023 2955 lieri
1036 2917 1175 2975 utrumque
1184 2907 1284 2958 ratione
1293 2906 1400 2971 doceat,

345 2986 385 3037 tio
402 2996 474 3036 teuto
487 2982 589 3053 impetu
605 2979 736 3050 erumpit,
748 2994 778 3033 ut
785 3000 851 3033 ocu·
895 2982 1008 3053 amplius
1024 2981 1245 3037 considerandum
1260 2998 1306 3038 est.
1318 2988 1352 3039 Η.

345 3065 388 3117 los
409 3080 456 3115 suu
475 3058 537 3115 sede
561 3058 719 3131 propellat:
742 3060 852 3131 proprie
937 3079 980 3114 ao.
997 3061 1114 3115 [indibus.
1136 3062 1179 3115 Sic
1199 3064 1277 3118 MSS.
1293 3084 1399 3131 omnes,

345 3142 417 3195 enim
431 3140 573 3212 πρόπτωσιν
586 3136 631 3197 id,
643 3137 770 3209 quomam
781 3139 854 3191 oculi
896 3151 921 3192 et
937 3138 1002 3193 editi
1019 3162 1026 3191 ι
1040 3160 1111 3207 uon,
1125 3142 1401 3209 crustumerium

346 3219 499 3293 procidunt,
510 3218 597 3272 Greci
611 3216 753 3289 appellent.
767 3242 779 3264 ι
794 3216 829 3271 Η.
894 3219 989 3272 visum.
1002 3219 1091 3275 Diosc.
1106 3221 1158 3274 loc.
1168 3222 1212 3275 cit.
1223 3224 1274 3277 hoc
1288 3236 1400 3290 tautum,

391 3318 434 3371 ¹7·
449 3300 487 3352 Et
502 3301 641 3350 inanitum
654 3298 787 3356 luteorum,
802 3310 853 3351 etc.
897 3298 956 3352 κίνιι
968 3294 1076 3370 σιδήρῳ,
1089 3301 1161 3355 ferro
1177 3320 1222 3355 seu
1238 3304 1321 3356 ferrea
1334 3303 1402 3357 rude

347 3380 392 3433 Sic
413 3380 477 3449 ssep.
495 3396 519 3429 a.
538 3374 596 3429 Hoc
615 3387 668 3441 est,
685 3394 747 3428 eura
764 3376 854 3446 explet
896 3390 1007 3432 versuto.
1029 3379 1098 3432 Plin.
1117 3380 1152 3444 54
1167 3399 1174 3431 ε
1192 3407 1203 3427 ι
1221 3382 1401 3455 Misceturque

344 3458 466 3522 huleern,
485 3454 605 3527 sistitque
623 3453 778 3508 eorumdem
797 3454 857 3509 bul·
896 3455 1041 3523 rudicnlir,
1058 3455 1144 3512 donec
1166 3461 1303 3515 rubescat:
1321 3487 1332 3508 υ
1355 3462 1403 3515 ubi

344 3554 437 3591 cerum
469 3552 560 3590 carues
593 3546 780 3587 excrescentes.
812 3534 855 3587 Sic
897 3536 1058 3600 Dioscor.V,
1073 3536 1135 3604 103,
1147 3540 1245 3610 νάρθηκι
1258 3540 1336 3604 dicit,
1351 3540 1402 3593 hoc

344 3616 475 3680 Diorc.V,
488 3613 524 3684 95
538 3632 545 3665 ε
559 3609 734 3666 bituradi...
748 3620 852 3683 πληροῦν
897 3628 951 3679 est,
964 3616 1093 3670 ferulacea
1103 3616 1232 3672 rudicula.
1247 3619 1336 3673 Haau.

344 3697 379 3749 τὰ
392 3694 545 3765 noudum,
558 3694 679 3753 ςῦλιιν...
689 3690 853 3763 rirbcrpenp-
937 3713 981 3748 ar.
995 3695 1030 3747 Ur
1042 3700 1066 3747 io
1079 3698 1160 3752 crudo.
1172 3698 1205 3749 Iu
1221 3698 1304 3752 crudo
1315 3698 1403 3768 pluru-

344 3781 435 3828 κῶντα
449 3780 496 3827 νῦν
513 3774 597 3824 mes.
611 3770 689 3824 Prius
704 3769 850 3841 legebatur,
896 3773 944 3839 bo,
966 3792 1051 3847 neque
1073 3788 1157 3829 usto:
1181 3777 1220 3831 uti
1242 3777 1344 3831 dictum
1364 3788 1403 3830 ert

342 3867 369 3905 et
381 3857 575 3917 insultatorum
585 3850 704 3902 uterum
716 3868 852 3903 muscen-
896 3854 976 3923 paulo
996 3865 1071 3919 aute,
1095 3854 1137 3909 hi·
1157 3858 1265 3911 verbis:
1292 3885 1303 3905 ι
1319 3857 1362 3910 Fit
1377 3870 1403 3909 et

345 3936 379 3985 tia
399 3953 409 3985 .·
433 3946 465 3987 ut
486 3931 563 3984 labor
590 3941 655 3981 erret
680 3928 851 4000 investigare,
895 3932 984 3985 lotura
998 3932 1108 4005 plurimi
1121 3952 1198 4001 usus,
1210 3948 1279 3991 ete·
1296 3938 1389 3991 Hine.

344 4010 416 4082 quod
438 4010 525 4065 morbi
540 4026 622 4080 penus
643 4020 720 4073 esset,
738 4009 851 4062 inanitus
935 4012 979 4063 LI.
1002 4030 1025 4065 r.
1052 4012 1147 4068 Scurio.
1169 4016 1258 4069 Diues.
1290 4015 1401 4070 totidem

343 4092 481 4144 oculorum
490 4126 500 4154 ,
510 4086 618 4141 medicis
624 4084 712 4140 adbuc
719 4087 850 4157 ignotum.
895 4090 998 4157 verbis,
1011 4093 1048 4159 V,
1063 4112 1109 4163 97.
1124 4092 1156 4146 Η.
1166 4124 1206 4134 -
1214 4094 1300 4147 Seorr'a
1312 4114 1404 4167 quoquc

385 4171 427 4223 ιε.
444 4170 508 4237 Qun
527 4168 622 4218 chortis.
641 4166 682 4218 De
703 4165 799 4219 charte
823 4168 849 4219 in
890 4170 992 4239 plumbi.
1009 4172 1047 4225 De
1063 4172 1146 4227 scoria
1158 4174 1278 4244 plumbi,
1290 4174 1401 4245 spodio,
