3100 5125
359 473 432 600 '⁶04
569 543 572 548 ι
639 520 678 587 c,
702 517 871 586 aaran
895 517 1001 587 aaa.
1027 516 1152 584 ursa.

358 661 417 716 aut
433 649 460 717 si
475 647 629 719 admotus
647 674 783 747 magnes
801 647 1074 745 apprehenderit,
1095 647 1221 741 rapiat,
1240 663 1342 744 atque
1361 672 1423 716 au-

358 751 451 822 ferat.
479 755 620 825 Adamas
648 771 681 824 et
704 779 831 826 venena
853 757 944 825 irrita
969 754 1091 837 facit²⁷,
1115 767 1149 821 et
1179 753 1423 848 lymphationes

356 858 478 952 abigit,
496 875 668 956 metusque
685 886 790 931 vanos
804 859 935 956 expellit
947 885 968 928 a
981 873 1114 928 mente:
1131 873 1164 927 et
1176 860 1219 928 ob
1238 858 1270 928 id
1286 860 1421 954 quidam

357 986 433 1033 eum
442 958 649 1035 anachiten¹⁸
658 991 829 1037 vocavere.
843 966 1056 1035 Metrodorus
1071 967 1239 1058 Scepsius,
1255 969 1289 1034 iu
1303 965 1420 1034 eadem

357 1071 538 1141 Germania
552 1087 585 1142 et
596 1072 713 1142 Basilia
722 1073 827 1142 insula
839 1075 947 1158 nasci,
962 1073 996 1140 in
1010 1095 1076 1165 qua
1090 1085 1124 1139 et
1138 1073 1322 1158 succinum,
1334 1071 1422 1165 quod

357 1174 509 1268 equidem
532 1176 682 1272 legerim,
701 1178 790 1249 solus
809 1179 911 1248 dicit:
933 1192 967 1247 et
989 1177 1124 1272 praefert
1138 1178 1288 1247 Arabicis
1305 1203 1313 1245 τ
1332 1176 1421 1270 quod

221 1367 225 1372 .
343 1280 478 1350 'falsum
498 1307 568 1352 esse
588 1287 662 1378 quis
678 1283 829 1354 dubitet?

326 1409 338 1440 ¹
411 1390 502 1457 XVI.
520 1389 710 1459 Proximum
728 1390 817 1486 apud
835 1414 895 1459 nos
916 1389 1038 1469 Indicis
1058 1389 1272 1482 Arabicisque
1294 1411 1422 1482 marga·

357 1495 429 1563 ritis
451 1497 594 1587 pretium
616 1512 682 1583 est,
703 1497 745 1566 de
766 1495 885 1591 quibus
905 1496 940 1565 in
965 1521 1055 1566 nono
1071 1493 1231 1565 diximus¹
1254 1492 1423 1564 volumine

358 1614 446 1668 mter
460 1625 512 1669 res
531 1604 684 1672 marinas.

411 1695 476 1797 (v.)
490 1709 601 1776 Tertia
614 1710 793 1779 auctoritas
806 1707 999 1804 smaragdis²
1012 1707 1205 1803 perhibetur
1219 1705 1372 1802 pluribus
1384 1705 1423 1776 de

358 1860 464 1916 adamas
488 1865 601 1935 magneti
620 1863 692 1937 quod
712 1867 798 1937 rapit,
819 1884 867 1918 su·
910 1867 942 1918 In
955 1865 1092 1918 Parmensi
1106 1865 1169 1917 edit.
1181 1863 1303 1916 anchisen.
1317 1864 1384 1934 Reg.
1399 1881 1423 1926 a,

359 1942 420 1996 l'ert.
436 1968 448 1990 ι
466 1942 529 1995 Non
546 1945 624 1997 hahet
644 1945 713 1998 hanc
736 1947 791 1998 vim
808 1944 870 2000 ada·
911 1957 937 1998 et
952 1944 1030 1998 Colb.
1051 1945 1085 2006 3,
1107 1943 1227 2015 gerendam
1240 1945 1375 1996 ananciten.
1386 1943 1424 1994 dn

359 2040 416 2074 mas
427 2022 488 2074 orbi
501 2035 592 2076 nostro
604 2042 675 2078 nunc
687 2026 815 2095 cognitus.
834 2025 868 2077 ll.
911 2026 1051 2080 εὐνακοίτην
1075 2019 1086 2085 (
1105 2037 1134 2077 ut
1156 2023 1345 2093 Delecampius
1374 2021 1423 2092 legi

359 2131 399 2145 -
410 2103 497 2154 Immo
508 2121 652 2173 numquam
666 2104 774 2169 babuit,
790 2117 821 2156 ut
838 2121 870 2156 ex
912 2103 998 2156 voluit
1012 2093 1038 2172 )‚
1050 2100 1124 2173 quod
1137 2115 1224 2155 metus
1243 2123 1258 2156 a
1272 2103 1342 2155 lecto
1358 2119 1426 2153 som·

359 2180 484 2234 omnibus
493 2182 671 2235 recentiorum
684 2184 871 2254 experimentis
911 2201 1001 2253 noque
1015 2173 1118 2254 pellat?
1135 2201 1196 2234 nam
1208 2193 1237 2234 et
1254 2183 1309 2239 εὐνὴ
1321 2193 1348 2233 et
1359 2181 1424 2236 seira

359 2273 442 2331 patet.
455 2261 507 2312 En.
664 2271 674 2295 ⁹
912 2262 996 2315 lectus
1010 2259 1118 2315 dicitur.
1141 2261 1285 2316 Salmasius
1299 2262 1327 2313 in
1343 2260 1425 2313 Solin.

402 2359 449 2407 ²7·
460 2340 571 2393 Adamas
578 2354 603 2392 et
611 2361 703 2394 ueneno
716 2345 786 2396 irrita
795 2345 871 2411 facit.
914 2341 1046 2412 ἀναγκίτην
1057 2342 1137 2412 legit,
1148 2361 1175 2412 p.
1195 2329 1277 2405 rolli,
1292 2337 1367 2412 quod
1378 2358 1428 2391 me·

360 2419 481 2485 Solinus,
502 2433 528 2473 et
541 2419 674 2486 Isidorus,
689 2420 754 2475 locis
773 2424 871 2478 citatis.
915 2434 956 2474 tus
970 2419 1043 2474 sedet
1058 2443 1064 2472 ι
1080 2439 1142 2473 nam
1157 2432 1258 2473 metum
1276 2420 1339 2485 ille,
1356 2432 1428 2472 oete·

361 2498 490 2554 Albertns
505 2499 548 2553 his
563 2502 690 2574 amplius,
702 2503 761 2555 loco
771 2504 869 2556 citato:
914 2519 1014 2573 rosque
1033 2501 1114 2553 animi
1132 2500 1260 2564 allectus,
1282 2517 1342 2573 quae
1364 2501 1426 2553 etta

264 2595 270 2606 ·
365 2605 377 2628 ι
392 2579 545 2650 Dicuntque
564 2582 652 2653 Magi,
675 2582 748 2652 quod
771 2583 872 2637 lacerto
915 2582 1002 2635 Graeci
1027 2592 1136 2645 vocant,
1162 2580 1273 2650 ἀνάγκας
1303 2578 1428 2651 appellari

361 2659 468 2713 sinistro
482 2660 617 2731 alligatus,
631 2662 700 2715 aalet
716 2674 810 2716 eontra
824 2663 873 2716 ho·
914 2680 1003 2733 posse,
1017 2659 1089 2714 credi
1101 2660 1171 2731 cogit
1184 2680 1191 2712 ι
1203 2672 1323 2731 pareant,
1333 2659 1428 2729 quibus

362 2750 430 2803 stes,
443 2751 470 2791 et
478 2738 661 2804 insaniam,et
671 2740 815 2795 indomitas
827 2743 874 2796 be·
915 2741 960 2793 ille
978 2741 1093 2812 jusserit.
1114 2738 1204 2793 Hanu.
1227 2770 1265 2781 -
1285 2738 1428 2791 Anchises.

363 2818 438 2879 stias,
459 2829 486 2869 et
502 2818 572 2872 feros
585 2819 722 2885 homines,
738 2834 765 2874 et
782 2834 873 2875 contra
915 2821 990 2873 Brot.
1011 2838 1043 2872 ea
1064 2818 1138 2872 MSS.
1156 2821 1237 2889 Regg.
1254 2837 1283 2879 a,
1301 2818 1337 2884 3,
1352 2818 1383 2883 5,
1398 2821 1428 2881 6,

362 2898 448 2969 jurgia
466 2910 493 2949 et
505 2897 590 2961 ritas,
608 2911 634 2951 et
652 2910 744 2953 contra
757 2919 872 2963 venena,
916 2904 1051 2964 eunact'ten,
1071 2898 1169 2963 idest,
1189 2897 1355 2969 sopientem,
1369 2898 1429 2950 sbo-

364 2990 392 3030 et
409 2978 529 3030 incursus
546 2978 775 3047 phantasmatum,
793 2993 820 3033 et
836 2980 876 3032 in·
916 2980 1015 3033 lentem
1028 2979 1256 3041 commeministis
1267 2990 1294 3029 et
1308 2976 1428 3037 elefella.

364 3056 504 3109 cuborum.
520 3081 531 3104 ι
551 3055 726 3123 hlarbodeus,
738 3059 790 3113 loc.
805 3060 874 3113 citat.
957 3056 1428 3113 xvt.1.1nn0n0dutmus.1.ih.1x‚

368 3162 379 3184 ι
390 3136 423 3189 Et
434 3136 519 3189 noctis
530 3138 652 3199 lemures,
664 3148 691 3189 et
700 3140 802 3191 somnia
810 3158 875 3193 vana
917 3156 975 3210 cap.
992 3138 1028 3200 54
1040 3149 1067 3190 et
1077 3156 1134 3209 sqq.
1151 3138 1243 3189 Hiran.

364 3214 487 3286 repellit,
504 3218 568 3267 Atra
583 3216 845 3287 venensfugat,etc.
861 3245 872 3266 ι
961 3238 987 3270 n.
1016 3218 1097 3269 Tertia
1128 3220 1260 3268 arroteritae
1286 3215 1430 3285 smaragdis.

406 3296 451 3348 ²8.
467 3295 504 3346 Et
518 3296 548 3347 ob
560 3295 588 3347 id
602 3295 698 3366 quidam
709 3316 760 3349 eum
776 3300 876 3350 auaclu'-
917 3297 981 3350 llrec
1001 3294 1094 3349 iisdem
1117 3296 1171 3349 lere
1193 3294 1283 3347 verbis
1310 3294 1431 3358 Solinus,

366 3386 405 3425 tea
418 3392 538 3427 vocante.
552 3374 724 3445 Anachyten,
736 3376 809 3449 qnod
823 3378 877 3430 ani·
919 3396 977 3447 cap.
998 3395 1044 3437 xv,
1066 3394 1122 3447 pag.
1141 3374 1194 3437 353
1209 3373 1331 3427 Isidorus
1353 3375 1432 3437 item,

365 3451 403 3505 mi
426 3471 566 3506 moerorem
596 3453 733 3520 elfrrndat3
760 3457 877 3525 ἀνάχυσις
920 3456 996 3525 Orig.
1010 3456 1057 3507 lib.
1070 3455 1218 3526 xv1,cap.
1234 3472 1261 3522 7.
1275 3452 1432 3524 Maragdum

365 3533 505 3597 mollities,
519 3533 632 3587 lascivia.
642 3536 673 3585 In
684 3536 759 3590 MSS.
770 3538 878 3608 legitur,
919 3536 1018 3605 absque
1041 3534 1141 3604 prurio
1165 3532 1244 3587 sibilo
1263 3532 1432 3603 scribendum

365 3615 509 3666 eunacitem:
519 3614 634 3667 fortassis
645 3616 794 3681 «brassicas,
804 3614 877 3686 quod
920 3634 975 3668 esse
989 3612 1127 3667 contendit
1142 3614 1301 3674 Athenaeus,
1314 3613 1364 3667 lib.
1376 3612 1432 3675 111,

366 3692 497 3745 subituris
514 3706 585 3746 metu
607 3692 729 3764 depulso,
752 3714 879 3748 moerore-
920 3713 981 3766 pag.
1002 3692 1139 3765 94,quod
1153 3694 1202 3745 ἀπὸ
1219 3698 1261 3744 τοῦ
1276 3694 1431 3763 pupparum,

367 3789 421 3841 que
437 3772 539 3836 levato,
554 3792 677 3825 somnum
690 3775 828 3839 conciliet,
838 3792 879 3827 re·
921 3775 973 3827 hoe
985 3785 1036 3837 est,
1050 3792 1064 3825 a
1083 3770 1226 3843 splendore
1235 3790 1340 3824 nomen
1356 3771 1434 3823 habe·

367 3864 454 3903 creata
468 3853 689 3923 tranquillataque
709 3865 807 3907 mente.
826 3854 878 3907 Alii
921 3872 951 3907 re
972 3854 1036 3905 vult.
1060 3852 1174 3915 Nostris,
1194 3852 1327 3903 ememude.
1346 3852 1433 3903 Hann.

327 3970 332 3987 .
368 3930 589 3999 quodcdsigmid
599 3944 646 3997 est,
656 3934 880 4001 τὰςλύπαςπαῠιι,
920 3931 1120 4002 -Smnrngdia
1137 3931 1318 3999 Nonignotus
1332 3930 1437 3981 fuitan·

369 4008 442 4078 quod
451 4010 533 4063 animi
545 4010 713 4081 egritudines
723 4025 750 4065 et
764 4014 879 4067 anxieta-
922 4011 1002 4083 tiquis
1017 4030 1094 4065 verus
1104 4008 1266 4081 smaragdus,
1276 4026 1306 4061 ac
1319 4009 1434 4079 perfecte

369 4087 526 4142 tessedatet
541 4089 658 4143 discutit.
675 4092 794 4145 Dan—
808 4094 877 4146 Ana·
920 4090 1028 4155 viridis,
1046 4104 1074 4143 ut
1094 4088 1200 4143 videtur
1221 4107 1256 4142 ex
1275 4088 1354 4140 Plinii
1372 4088 1436 4139 alio·
1544 4092 1545 4127 t

370 4167 455 4220 etitem
474 4168 519 4221 Sic
536 4169 597 4223 libri
615 4171 670 4225 sere
691 4189 784 4226 omnes
803 4172 878 4226 editi.
921 4188 1035 4241 rumque
1045 4166 1436 4241 descriptionibus,etgemmis
