3100 5125
364 524 431 590 no
630 503 668 571 o.
694 494 862 569 aaran
886 502 994 571 usn.
1019 502 1150 571 ntsr.

327 681 341 714 2
360 647 483 729 posset·
506 636 547 702 In
565 635 651 729 agris
669 635 854 703 sestertium
873 620 952 702 iis?
971 635 1127 729 possedit,
1146 636 1327 724 Quiritium
1346 651 1427 731 post

361 740 483 836 Syllam
500 740 687 809 ditissimus.
710 741 783 809 Nec
806 738 870 808 fuit
885 740 980 827 satis,
1000 742 1062 811 nisi
1079 754 1187 810 totum
1205 728 1426 813 Parthorum⁶

285 921 288 929 ,
360 848 514 919 esurisset
532 870 650 914 aurum
672 874 681 913 ε
701 859 801 940 atque
818 848 853 914 in
870 846 1085 916 memoriam⁷
1108 848 1239 941 quidem
1258 850 1427 943 optimum

360 954 561 1048 occupavit:
582 953 678 1046 juvat
700 953 788 1021 enim
813 953 964 1022 insectari
990 952 1218 1047 inexplebilem
1243 954 1342 1023 istam
1361 952 1426 1022 naa

361 1059 462 1130 bendi
488 1056 688 1153 cupidinem.
720 1056 847 1127 Multos
876 1073 991 1153 postea
1017 1044 1235 1154 cognevimus
1265 1062 1430 1129 servitute·

362 1166 516 1235 liberatos
526 1162 766 1259 opulentiores,
780 1150 988 1260 pariterque⁸
1001 1179 1068 1235 tres
1080 1165 1208 1235 Claudii
1225 1166 1426 1260 principatu,

361 1271 559 1358 Pallantem,
575 1269 763 1355 Callistum,
781 1285 816 1341 et
830 1273 1029 1341 Narcissum.
1045 1274 1153 1365 Atque
1168 1286 1204 1341 ut
1219 1272 1252 1341 bi
1266 1274 1425 1341 omittan·
1476 1308 1481 1319 ·

363 1393 428 1462 tur,
447 1392 616 1471 tamquam
633 1376 744 1446 adhuc
765 1390 875 1447 rerum
892 1379 1077 1473 potiantur,
1095 1380 1133 1447 C.
1156 1376 1287 1447 Asinio⁹
1309 1375 1426 1462 Gallo,

362 1487 401 1555 C.
423 1484 553 1552 Marcio
575 1484 759 1552 Censorino
777 1508 863 1552 coss.
888 1508 917 1552 a.
934 1482 966 1552 d.
980 1506 1018 1552 vs
1035 1482 1096 1552 ltal.
1117 1483 1198 1553 febr.
1216 1486 1254 1553 C.
1272 1482 1426 1555 Caecilius

363 1585 521 1659 Claudius
539 1588 686 1660 Isidorus
704 1602 903 1659 testamento
926 1614 986 1660 suo
1006 1589 1124 1673 edixit,
1146 1591 1296 1684 quamvis
1320 1588 1427 1659 multa

404 1767 431 1820 5.
445 1764 582 1818 Sestertium
601 1752 664 1816 iffi.
678 1764 737 1817 Hoc
754 1778 809 1830 est,
827 1763 869 1819 bis
913 1762 1427 1836 aequitum·Juvsteuinsiusectsri,etc.·

363 1846 458 1899 millies
474 1846 623 1899 sestertium
642 1860 798 1908 nummum,
816 1842 871 1897 sire
915 1845 958 1897 Sic
983 1842 1092 1897 totidem
1112 1844 1190 1916 plane
1208 1843 1327 1916 apicibus
1345 1840 1428 1913 sylla-

363 1925 405 1978 bis
424 1925 518 1978 millies
535 1936 676 1978 centenum
696 1922 810 1976 millium
831 1940 871 1976 se·
914 1918 1428 1995 bisque'Colb.3.1nlleg.a,«atque

364 2004 541 2059 mertiorum:
565 2022 624 2075 quas
644 2020 748 2056 summa
771 2002 871 2074 gallicie
915 2004 944 2056 iu
961 2004 1121 2057 memoriam
1138 2002 1245 2074 quidem
1260 2002 1364 2073 optimo
1379 2020 1427 2055 oc·

364 2082 872 2148 monustmmefficisso,ooo,000,seu
891 2102 895 2111 ·
915 2083 1063 2154 supererit.
1082 2081 1181 2136 ‚tuditi
1195 2082 1280 2135 multa
1294 2080 1427 2147 deterius,

365 2164 457 2235 viginti
471 2163 612 2216 milliones.
629 2162 697 2215 Plus.
715 2162 743 2214 in
763 2163 871 2223 Crasso,
915 2175 973 2215 tum
996 2161 1084 2216 serbis
1105 2162 1284 2234 interpolatis,
1308 2161 1429 2232 neglecta

364 2262 392 2313 p.
407 2241 473 2305 543,
484 2242 612 2312 reperisse
620 2259 682 2294 euos
693 2240 721 2294 in
732 2259 814 2295 censu
825 2241 873 2307 sit,
916 2242 1133 2314 interpunctione
1146 2242 1301 2306 verborum,
1320 2251 1428 2292 senten·

365 2322 519 2393 priusquam
541 2320 576 2375 sd
597 2322 698 2375 bellum
718 2322 872 2374 Parthicum
917 2322 1013 2392 tiisque
1031 2321 1170 2393 permixtis
1184 2339 1191 2373 z
1204 2344 1215 2363 ι
1231 2324 1318 2392 Atque
1332 2330 1361 2371 ut
1376 2338 1431 2371 no-

365 2401 432 2466 iret,
445 2401 542 2454 satents
556 2400 651 2471 septies
666 2400 749 2453 mittis
764 2412 791 2454 et
811 2418 875 2453 cen·
917 2418 977 2453 men
992 2398 1100 2473 quidem
1117 2398 1211 2471 optimi
1234 2392 1299 2471 (alii
1321 2403 1428 2469 opimum

366 2494 427 2533 tersa
442 2502 449 2531 :
466 2480 552 2533 Attica
567 2480 680 2542 scilicet,
693 2496 808 2551 quorum
824 2480 876 2533 sin·
916 2478 1110 2550 conjiciebant)
1133 2480 1301 2550 occupaverit
1330 2474 1343 2540 (
1350 2480 1428 2549 jurat

365 2561 441 2633 gula,
460 2572 492 2613 ut
506 2558 587 2614 bodie
604 2561 719 2614 udones
732 2573 874 2633 putamus,
916 2560 986 2613 enim
1005 2560 1126 2615 insectari
1142 2559 1329 2632 inexplebilem
1350 2559 1429 2611 istum

365 2641 447 2693 libras
471 2639 591 2693 efficiunt
616 2641 715 2711 gallicae
740 2654 874 2706 monette,
916 2639 1035 2693 habendi
1047 2638 1228 2712 cupiditatem)
1244 2639 1340 2694 multos
1354 2649 1429 2710 post-

369 2725 460 2785 msoo.
473 2717 507 2771 Η.
518 2719 701 2772 -Ssstests'ssm
716 2709 780 2769 Π.
792 2719 874 2773 Galli·
916 2734 961 2785 ea,
974 2731 1024 2773 etc.
1046 2743 1057 2766 s
1078 2723 1168 2773 Hsno.

366 2811 524 2852 comonetre
532 2811 629 2850 nostra
637 2807 711 2863 suut,
722 2810 788 2851 testo
799 2800 874 2852 Brut.
958 2801 986 2852 8.
1004 2801 1146 2871 Pariterque
1160 2811 1207 2850 tm
1224 2796 1324 2850 Claudi
1335 2798 1430 2866 pristes·-

365 2878 440 2932 libru
454 2876 628 2945 sumansu.
643 2878 695 2930 En.
913 2888 984 2948 putu,
994 2879 1139 2945 Pallantem,
1149 2893 1197 2932 etc.
1209 2877 1267 2930 lloc
1278 2888 1332 2942 est,
1348 2875 1430 2930 simul

408 2959 435 3010 6.
446 2957 599 3008 Parthorum.
609 2957 712 3010 Notum
722 2953 790 3008 illud
800 2955 873 3010 Flori
917 2953 1065 3030 eodemque
1079 2971 1200 3029 tempore
1213 2969 1274 3010 tres.
1287 2957 1427 3010 Narcissus

366 3035 402 3090 tle
414 3035 524 3100 Crasso,
535 3037 593 3098 ΙΙΙ,
611 3053 656 3099 tr,
668 3054 696 3106 p.
712 3039 764 3090 1²8
780 3052 813 3088 s·
824 3037 875 3090 Cs·
917 3036 951 3090 ab
975 3037 1106 3109 epistolis,
1135 3037 1218 3090 Pallas
1243 3055 1257 3088 a
1281 3035 1431 3088 rationibus

366 3127 415 3188 put
427 3117 484 3187 ejus
497 3116 609 3168 recisum
624 3132 685 3168 cum
701 3114 807 3168 dextera
819 3133 875 3168 ma·
918 3117 977 3170 luit.
989 3117 1060 3171 Suet.
1069 3117 1097 3170 in
1108 3115 1201 3172 Claud.
1213 3133 1308 3169 xistis.
1317 3115 1358 3167 De
1367 3114 1431 3168 Cal·

367 3213 421 3260 ssu,
434 3193 468 3248 sd
481 3211 571 3266 regem
583 3207 748 3266 reportatum
757 3193 875 3248 ludibrio
917 3197 993 3259 litto,
1012 3199 1073 3252 Sen.
1095 3216 1138 3269 ep.
1161 3203 1195 3266 47
1215 3213 1222 3246 a
1245 3219 1256 3242 ι
1277 3197 1350 3248 Stare
1368 3207 1430 3247 ante

286 3328 288 3332 .
368 3275 532 3345 fuit‚ueque
549 3273 669 3344 indigno.
683 3275 788 3328 Aurum
804 3275 875 3329 enim
917 3276 999 3328 limen
1022 3276 1121 3330 Callisti
1139 3273 1371 3329 dominumtuum
1388 3275 1430 3327 vi-

367 3353 501 3425 liquidum
519 3355 548 3406 io
568 3353 666 3408 rictum
685 3355 739 3407 oris
758 3355 876 3408 inlusum
918 3354 961 3420 dt,
976 3368 1026 3410 cte.
1041 3381 1051 3402 ι
1069 3358 1109 3410 De
1121 3356 1207 3408 tribus
1217 3355 1272 3407 istis
1284 3354 1362 3406 simol
1378 3353 1430 3407 Ta·

368 3445 508 3496 est‚etc·
522 3433 612 3486 Hsan.
768 3468 773 3476 ι
918 3435 1000 3488 citum
1020 3434 1102 3499 side,
1121 3435 1219 3489 Annal.
1240 3434 1296 3496 XI,
1310 3451 1337 3506 p.
1364 3435 1430 3486 166.

409 3531 438 3581 7.
451 3515 532 3584 Atque
545 3517 572 3565 iss
586 3515 735 3579 memorius,
746 3526 795 3567 ete.
810 3514 874 3568 Sen·
919 3515 1061 3585 Eleganter
1069 3513 1140 3568 idem
1148 3513 1346 3585 Annal.xll,p.
1361 3527 1428 3583 ¹9¹³

368 3591 449 3645 tentia
473 3604 526 3656 est,
548 3591 734 3646 recordaturos
752 3593 876 3648 homines
920 3617 930 3638 ι
945 3593 1071 3648 Claudius
1085 3595 1209 3655 libertos.
1221 3611 1287 3662 quos
1300 3592 1338 3645 rei
1352 3591 1432 3646 lami·

346 3689 485 3742 ⁴usstpssus
508 3671 626 3735 futuros,
651 3673 811 3725 Parthorum
832 3693 878 3728 su·
919 3673 978 3725 lisri
1002 3673 1169 3746 prefecerat,
1191 3671 1242 3724 sibi
1271 3685 1297 3724 et
1324 3670 1430 3742 legibus

367 3749 572 3822 rumoptimum
586 3751 731 3804 obtinulssc
743 3753 878 3819 Crassum,
920 3751 1076 3823 adaquaret.
1094 3778 1105 3799 s
1128 3753 1168 3804 De
1190 3751 1305 3804 Narcissi
1331 3751 1430 3822 opibus

368 3829 474 3902 quadis
484 3829 695 3902 esuribat,qnum
705 3831 878 3885 indemortui
921 3831 983 3886 title
994 3831 1190 3896 Dionembx,
1205 3851 1232 3902 p.
1248 3833 1315 3886 688.
1332 3827 1365 3882 Η.

367 3917 450 3964 osett
469 3911 594 3963 inlusum.
611 3911 763 3964 consitium
779 3910 877 3964 estho-
961 3929 987 3980 9.
1010 3913 1041 3965 C.
1063 3911 1150 3965 Ass'ns's
1173 3909 1264 3969 Gallo,
1287 3909 1318 3964 C.
1329 3907 1429 3961 Marcio

260 4036 263 4041 .
368 3990 446 4043 asinis
461 3991 606 4044 infelicitati
626 3991 733 4043 alterius
748 3990 876 4044 insultan·
922 3987 1053 4045 Censorias
1064 4011 1123 4044 eost.
1135 3990 1247 4059 Augusti
1259 3989 1428 4061 principatu,

368 4069 416 4134 tis,
435 4089 515 4142 quum
529 4069 574 4123 ille
592 4070 642 4122 sibi
656 4069 812 4140 inexplebili
826 4087 874 4142 pe-
918 4071 1000 4124 Usbis
1011 4089 1081 4124 suno
1094 4074 1149 4142 766
1163 4071 1240 4122 ambo
1254 4084 1353 4140 gessere
1365 4083 1430 4120 con·

367 4149 452 4202 cunio
463 4149 608 4220 cupiditate
617 4150 790 4205 accerslverit.
804 4149 873 4204 Nam
917 4151 1047 4217 sulatum,
1061 4169 1092 4204 ex
1109 4141 1200 4204 tous}
1215 4149 1307 4200 Hann‘.
