3100 5125
353 408 423 488 aad
629 406 667 472 C.
693 405 860 475 PLlNll
885 407 991 476 NAT.
1017 407 1142 474 HIST.

350 537 467 630 quibus
491 535 572 606 lenis
592 539 749 656 guaeritur
776 539 982 632 refrigeratio
1005 552 1039 605 et
1064 536 1205 607 siccatio.
1227 535 1348 606 Utilior
1364 535 1409 604 ad

350 644 461 712 omnia
482 667 554 735 quae
577 644 654 713 vino
674 642 741 713 lota
760 658 819 713 est.

318 782 328 815 1
401 751 561 818 XXXIV.
580 748 723 841 Spodos'
741 752 864 843 Cypria
881 749 1013 843 optima.
1022 749 1085 816 Fit
1099 761 1209 877 autem
1226 746 1408 841 liquescen-

350 853 436 922 tibus
450 853 594 939 cadmia,
615 868 648 922 et
666 858 781 923 aerario
795 852 928 948 lapide’.
945 839 1181 924 Levissimum³
1199 853 1263 922 hoc
1276 853 1410 922 efflatur

350 973 384 1027 et
405 983 526 1052 ocyus,
548 958 721 1053 evolatque
736 985 755 1029 e
770 960 978 1043 fornacibus,
999 973 1033 1027 et
1050 961 1144 1028 tectis
1163 957 1409 1042 adhereamus

350 1062 486 1158 fuligine
509 1063 632 1133 distans
658 1064 811 1134 candore.
835 1065 935 1152 Quod
956 1066 1065 1133 minus
1087 1061 1261 1132 candidum
1283 1088 1323 1132 ex
1346 1087 1408 1152 eo,

295 1172 297 1177 ’
350 1172 534 1238 immaturae
558 1170 701 1240 fornacis
718 1186 951 1264 argumentum
980 1184 1052 1238 est:
1074 1169 1139 1239 hoc
1156 1167 1288 1262 quidam
1312 1194 1407 1264 pom·

351 1274 526 1368 pholygem
541 1291 670 1344 vocant.
686 1277 787 1365 Quod
800 1301 879 1345 vero
896 1275 1109 1345 rubicundius
1122 1275 1213 1342 exiis
1230 1276 1409 1366 invenitur,

294 1387 309 1439 .'
350 1381 509 1450 acriorem
528 1382 592 1450 vim
607 1369 742 1467 trahet&
759 1380 1014 1475 exhulceratque
1033 1381 1116 1450 adeo
1126 1387 1141 1464 ,'
1149 1394 1186 1448 ut
1205 1403 1305 1473 quum
1321 1379 1409 1448 lava·

351 1500 416 1571 tur,
430 1511 457 1555 st
450 1485 583 1556 oculos
600 1489 757 1582 attingat,
779 1502 931 1556 excaecet.
948 1491 1008 1556 Est
1022 1500 1054 1561 et
1073 1484 1179 1554 mellei
1196 1483 1314 1554 coloris
1328 1510 1407 1579 spo-

317 1590 456 1677 ados,'
448 1617 480 1658 m
499 1617 564 1684 qua
584 1592 762 1685 plurimum
783 1595 855 1662 aeris
873 1591 1073 1687 intelligtur.
1094 1591 1158 1660 Sed
1176 1591 1409 1718 quodcumque

350 1705 454 1791 genus
475 1695 615 1765 lavando
639 1698 678 1765 fit
700 1697 838 1767 utilius:
869 1711 1031 1792 purgatur
1062 1711 1138 1766 ante
1163 1681 1305 1825 penna⁵,
1330 1697 1409 1765 dein

349 1804 506 1872 crassiore
529 1801 645 1872 lotura.
671 1805 790 1897 Digitis
812 1804 997 1874 scabritiem
1021 1787 1202 1870 exterunt⁶.
1226 1801 1335 1871 Media
1359 1803 1409 1870 vis

349 1908 420 2000 ejus
437 1923 507 1994 est,
533 1934 605 2001 quae
621 1909 699 1977 vino
720 1909 858 1977 lavatur.
881 1912 941 1978 Est
961 1908 1068 2001 aliqua
1090 1922 1123 1976 et
1142 1909 1176 1975 in
1198 1931 1316 2001 genere
1338 1907 1409 1976 vini

350 1962 548 2101 differentia
567 2016 649 2082 Leni
667 2016 755 2082 enim
775 2014 842 2083 lota
861 2012 1002 2107 collyriis
1023 2012 1194 2082 oculorum
1210 2015 1316 2082 minus
1331 2027 1411 2106 apta

350 2120 514 2212 putatur⁷.
539 2119 664 2187 Eadem
686 2120 855 2189 efficacior
876 2119 1064 2189 hulceribus
1085 2143 1156 2212 quae
1181 2133 1333 2205 manant,
1354 2117 1408 2186 vel

350 2226 415 2292 oris
430 2249 502 2316 quas
515 2224 666 2303 madent,
677 2240 710 2294 et
725 2226 879 2294 omnibus
890 2225 1135 2294 medicamentis
1142 2248 1249 2352 ,quae8
1250 2238 1410 2318 parantur

350 2344 466 2397 contra
485 2353 702 2430 gangraenas.
712 2334 766 2399 Fit
781 2346 815 2399 et
834 2333 870 2401 in
891 2333 1017 2426 argenti
1041 2315 1249 2399 fornacibus⁸
1270 2329 1409 2423 spodos,

388 2509 548 2565 XXXIV&
556 2510 679 2581 ..Spodos
690 2513 765 2565 Orib.
778 2512 855 2577 xm,
901 2514 979 2583 hujus
998 2511 1081 2564 libri
1074 2529 1102 2565 ιιι
1116 2512 1203 2565 lotura
1218 2509 1304 2582 spodii
1319 2513 1409 2583 plum-

346 2607 374 2659 p.
389 2592 454 2643 231.
468 2590 780 2662 tt-mspodoeont.
794 2593 856 2644 item
901 2592 944 2644 bei
960 2592 1101 2655 scribatur,
1116 2618 1126 2639 ι
1142 2590 1256 2657 Quidam
1268 2591 1407 2662 pulverem
1471 2612 1474 2619 ·

347 2668 457 2721 Excurs.
471 2670 496 2721 11
509 2668 542 2722 ad
554 2672 653 2723 calcem
666 2671 725 2741 huj.
743 2672 789 2723 lib.
803 2672 856 2724 En.
900 2670 996 2742 pennis
1005 2666 1142 2741 detergere
1154 2671 1270 2735 malunt,
1283 2689 1313 2723 ac
1322 2684 1408 2723 terere

389 2766 415 2800 s.
431 2749 468 2799 Et
480 2752 568 2800 erario
588 2749 679 2818 lapide.
701 2753 797 2803 AEroso
819 2751 856 2803 la·
900 2750 928 2803 in
942 2751 1007 2803 virro
1020 2748 1157 2803 odorato.»
1173 2750 1242 2801 Du..
1258 2780 1298 2791 —
1311 2751 1409 2819 Purga-

347 2823 426 2896 pide,
438 2845 471 2877 ex
486 2845 539 2896 quo
556 2827 615 2880 fieri
632 2846 668 2879 ιιι
683 2826 786 2880 dictum
802 2840 856 2896 est,
902 2840 948 2881 tur.
963 2828 1006 2880 Sic
1020 2827 1082 2880 libri
1095 2827 1175 2892 editi,
1189 2824 1328 2897 manuqfl
1341 2828 1406 2882 scri·

347 2922 407 2975 csp.
422 2924 436 2956 ι
451 2918 478 2956 et
493 2925 537 2958 as.
553 2903 644 2957 Hanc.
899 2908 948 2979 pti.
968 2906 1060 2959 Simon
1080 2906 1233 2971 Januensis,
1256 2907 1300 2979 qui
1319 2910 1408 2959 totdm

389 2983 415 3037 3.
430 2984 592 3039 Levissimum.
602 2984 646 3037 Sic
658 2986 721 3055 Reg.
735 3004 749 3037 ι
761 2996 789 3038 et
801 2985 855 3039 alii.
900 2986 951 3039 hoe
965 2986 999 3039 de
1019 2986 1200 3057 pompholyge
1217 2999 1297 3057 caput
1311 2987 1408 3039 exscri-

349 3060 423 3115 Editi
435 3081 589 3133 perperam,
605 3066 719 3116 levissime
738 3065 798 3117 fiac.
815 3064 856 3117 Si·
900 3065 968 3136 psit,
997 3064 1137 3129 mendose,
1167 3078 1320 3135 ·purgutur
1347 3078 1409 3118 ante

347 3160 412 3216 mon
426 3142 579 3207 Ianuensis,
595 3162 655 3214 cap.
672 3143 706 3196 de
722 3144 856 3214 pompho·
899 3143 1010 3215 prima:
1039 3142 1135 3197 deinde
1160 3144 1295 3197 crassior:
1320 3143 1408 3196 lotura

349 3221 426 3292 lyge,
439 3222 517 3291 legit,
533 3247 545 3269 ι
556 3222 689 3275 levissimo
698 3235 855 3287 statu‚evo-
899 3222 990 3292 digitis
1003 3222 1153 3275 scabritiem
1163 3222 1268 3275 eremit.
1284 3246 1295 3268 ι
1311 3218 1346 3275 ll.

348 3300 514 3373 latque,etc.
528 3325 539 3347 ι
554 3298 646 3354 Ηιιιιι.
939 3304 965 3355 6.
995 3302 1088 3371 Digitis
1123 3304 1256 3354 scabritiem
1288 3312 1406 3353 exterrent.

389 3385 416 3441 4.
431 3382 557 3432 denotem
574 3383 625 3432 cim
638 3381 716 3433 taur.
728 3380 855 3433 Nondum
899 3382 1023 3445 Quattuor
1037 3381 1136 3446 nostri,
1150 3394 1180 3433 ut
1192 3379 1305 3433 Pintian.
1318 3381 1407 3433 scabri·

348 3470 425 3510 exuta
434 3458 554 3523 cadmia,
563 3460 673 3513 oerosive
683 3458 778 3532 lapidis
790 3459 856 3513 acri,
901 3462 932 3511 tia
942 3470 1108 3513 excernuntur.
1123 3458 1214 3513 Geor.

348 3538 444 3590 monia.
460 3538 528 3590 Dar..
938 3557 965 3607 7.
979 3539 1095 3607 Collyriis
1105 3541 1224 3591 oculorum
1230 3541 1326 3589 nimium
1334 3541 1406 3607 vigi·

388 3622 412 3669 5.
425 3616 612 3685 Purgaturaute
624 3618 855 3682 penumdeiucrus·
899 3618 937 3669 fiis
960 3619 1123 3689 fatigatorum
1146 3632 1203 3687 apta
1224 3629 1326 3686 putetur
1348 3608 1406 3683 (sic

348 3698 410 3746 tiore
419 3695 507 3747 lotura.
521 3695 853 3767 legendumexDioscor.
898 3690 1004 3768 prius).
1029 3694 1176 3767 «Collyriis
1194 3696 1332 3749 oculorum
1357 3694 1407 3746 mi·

348 3774 575 3851 lib.V,csp.x85:
597 3801 608 3823 ι
620 3776 751 3846 Purgatur
763 3786 852 3828 autem
898 3794 948 3829 nus
969 3776 1040 3830 utilis
1063 3788 1199 3845 putatur,·
1219 3777 1246 3827 in
1260 3776 1405 3845 archetypo

348 3853 376 3905 in
389 3854 514 3906 crassiore
524 3873 613 3924 panno
627 3855 724 3907 lotura.
735 3854 854 3918 Quidam
899 3866 990 3907 nostro
1005 3877 1010 3905 :
1030 3867 1121 3907 cetera
1132 3854 1304 3926 superfluunt.
1323 3854 1404 3905 Prnr.

347 3930 437 4002 digitis
449 3932 597 3986 scabritiem
606 3946 727 3987 exerunt.
739 3934 854 3987 Maxima
938 3933 964 3986 8.
991 3934 1035 3985 Fit
1052 3946 1076 3985 et
1098 3936 1123 3985 iu
1144 3938 1238 4003 urgenti
1250 3930 1403 3999 fornacibus.

348 4012 387 4064 ris
406 4016 461 4081 ejus
477 4024 533 4077 est,
547 4025 598 4065 etc.
612 4038 623 4060 ι
641 4015 761 4083 quumvis
773 4032 799 4066 c.
818 4014 852 4067 ru
899 4012 1020 4083 Auriqne
1032 4026 1057 4065 et
1067 4012 1179 4083 plumbi.
1190 4013 1278 4065 Diosc.
1294 4012 1362 4065 Du..
