<?xml version="1.0" encoding="UTF-8"?>
<!DOCTYPE html PUBLIC "-//W3C//DTD XHTML 1.0 Transitional//EN"
    "http://www.w3.org/TR/xhtml1/DTD/xhtml1-transitional.dtd">
<html xmlns="http://www.w3.org/1999/xhtml" xml:lang="en" lang="en">
 <head>
  <title>
</title>
<meta http-equiv="Content-Type" content="text/html;charset=utf-8" />
  <meta name='ocr-system' content='tesseract 3.04.00' />
  <meta name='ocr-capabilities' content='ocr_page ocr_carea ocr_par ocr_line ocrx_word'/>
</head>
<body>
  <div class='ocr_page' id='page_1' title='image "./caiipliniisecun00hardgoog_0638.png"; bbox 0 0 3100 5125; ppageno 0'>
   <div class='ocr_carea' id='block_1_1' title="bbox 361 490 1149 596">
    <p class='ocr_par' dir='ltr' id='par_1_1' title="bbox 361 490 1149 596">
     <span class='ocr_line' id='line_1_1' title="bbox 361 490 1149 596; baseline -0.009 -31"><span class='ocrx_word' id='word_1_1' title='bbox 361 493 435 596; x_wconf 69' lang='lat'><strong>630</strong></span> <span class='ocrx_word' id='word_1_2' title='bbox 630 494 670 561; x_wconf 91' lang='lat' dir='ltr'><strong>c.</strong></span> <span class='ocrx_word' id='word_1_3' title='bbox 695 492 864 561; x_wconf 77' lang='lat' dir='ltr'><strong>aarum</strong></span> <span class='ocrx_word' id='word_1_4' title='bbox 888 491 995 560; x_wconf 75' lang='lat' dir='ltr'><strong>aar.</strong></span> <span class='ocrx_word' id='word_1_5' title='bbox 1021 490 1149 560; x_wconf 84' lang='lat' dir='ltr'><strong>rusr.</strong></span> 
     </span>
    </p>
   </div>
   <div class='ocr_carea' id='block_1_2' title="bbox 361 619 1431 1249">
    <p class='ocr_par' dir='ltr' id='par_1_2' title="bbox 361 619 1431 1249">
     <span class='ocr_line' id='line_1_2' title="bbox 363 619 1430 718; baseline -0.004 -22"><span class='ocrx_word' id='word_1_6' title='bbox 363 653 384 696; x_wconf 89' lang='lat' dir='ltr'><strong>a</strong></span> <span class='ocrx_word' id='word_1_7' title='bbox 400 625 610 696; x_wconf 88' lang='lat' dir='ltr'><strong>lucernarum</strong></span> <span class='ocrx_word' id='word_1_8' title='bbox 625 649 789 712; x_wconf 83' lang='lat' dir='ltr'><strong>accensu,</strong></span> <span class='ocrx_word' id='word_1_9' title='bbox 803 638 916 694; x_wconf 87' lang='lat' dir='ltr'><strong>tamen</strong></span> <span class='ocrx_word' id='word_1_10' title='bbox 927 622 1101 718; x_wconf 79' lang='lat' dir='ltr'><strong>proeoipuae</strong></span> <span class='ocrx_word' id='word_1_11' title='bbox 1118 619 1430 717; x_wconf 74' lang='lat' dir='ltr'><strong>gradoe¹.Nascitur</strong></span> 
     </span>
     <span class='ocr_line' id='line_1_3' title="bbox 362 726 1428 825; baseline -0.004 -23"><span class='ocrx_word' id='word_1_12' title='bbox 362 733 450 823; x_wconf 82' lang='lat' dir='ltr'><strong>circa</strong></span> <span class='ocrx_word' id='word_1_13' title='bbox 463 730 673 815; x_wconf 81' lang='lat' dir='ltr'><strong>Orthosiam,</strong></span> <span class='ocrx_word' id='word_1_14' title='bbox 688 745 823 825; x_wconf 86' lang='lat' dir='ltr'><strong>totaque</strong></span> <span class='ocrx_word' id='word_1_15' title='bbox 839 731 955 814; x_wconf 87' lang='lat' dir='ltr'><strong>Caria,</strong></span> <span class='ocrx_word' id='word_1_16' title='bbox 972 753 1012 797; x_wconf 87' lang='lat' dir='ltr'><strong>ae</strong></span> <span class='ocrx_word' id='word_1_17' title='bbox 1029 728 1147 798; x_wconf 85' lang='lat' dir='ltr'><strong>vicinis</strong></span> <span class='ocrx_word' id='word_1_18' title='bbox 1161 726 1241 797; x_wconf 86' lang='lat' dir='ltr'><strong>locis</strong></span> <span class='ocrx_word' id='word_1_19' title='bbox 1256 753 1265 795; x_wconf 81' lang='grc' dir='ltr'><strong>ι</strong></span> <span class='ocrx_word' id='word_1_20' title='bbox 1282 727 1340 797; x_wconf 84' lang='lat' dir='ltr'><strong>sed</strong></span> <span class='ocrx_word' id='word_1_21' title='bbox 1353 753 1428 822; x_wconf 92' lang='lat' dir='ltr'><strong>pro·</strong></span> 
     </span>
     <span class='ocr_line' id='line_1_4' title="bbox 361 821 1428 930; baseline -0.005 -23"><span class='ocrx_word' id='word_1_22' title='bbox 361 839 529 907; x_wconf 85' lang='lat' dir='ltr'><strong>batissima</strong></span> <span class='ocrx_word' id='word_1_23' title='bbox 546 837 580 903; x_wconf 91' lang='lat' dir='ltr'><strong>in</strong></span> <span class='ocrx_word' id='word_1_24' title='bbox 599 822 727 922; x_wconf 80' lang='lat' dir='ltr'><strong>Indis³,</strong></span> <span class='ocrx_word' id='word_1_25' title='bbox 747 861 846 930; x_wconf 84' lang='lat' dir='ltr'><strong>quam</strong></span> <span class='ocrx_word' id='word_1_26' title='bbox 862 821 1021 930; x_wconf 65' lang='grc' dir='ltr'><strong>Ι(ιιιίἀιιιιι4</strong></span> <span class='ocrx_word' id='word_1_27' title='bbox 1044 833 1262 902; x_wconf 81' lang='lat' dir='ltr'><strong>remissiorem</strong></span> <span class='ocrx_word' id='word_1_28' title='bbox 1286 833 1428 903; x_wconf 86' lang='lat' dir='ltr'><strong>carbun-</strong></span> 
     </span>
     <span class='ocr_line' id='line_1_5' title="bbox 362 937 1428 1022; baseline -0.005 -10"><span class='ocrx_word' id='word_1_29' title='bbox 362 941 474 1012; x_wconf 86' lang='lat' dir='ltr'><strong>culum</strong></span> <span class='ocrx_word' id='word_1_30' title='bbox 491 965 562 1010; x_wconf 83' lang='lat' dir='ltr'><strong>esse</strong></span> <span class='ocrx_word' id='word_1_31' title='bbox 580 941 742 1010; x_wconf 83' lang='lat' dir='ltr'><strong>dixerunt.</strong></span> <span class='ocrx_word' id='word_1_32' title='bbox 760 942 912 1014; x_wconf 76' lang='lat' dir='ltr'><strong>sacoma</strong></span> <span class='ocrx_word' id='word_1_33' title='bbox 933 941 1080 1010; x_wconf 87' lang='lat' dir='ltr'><strong>bonitate</strong></span> <span class='ocrx_word' id='word_1_34' title='bbox 1104 937 1218 1008; x_wconf 83' lang='lat' dir='ltr'><strong>similis</strong></span> <span class='ocrx_word' id='word_1_35' title='bbox 1238 953 1288 1008; x_wconf 88' lang='lat' dir='ltr'><strong>est</strong></span> <span class='ocrx_word' id='word_1_36' title='bbox 1306 941 1428 1022; x_wconf 87' lang='lat' dir='ltr'><strong>Ionia,</strong></span> 
     </span>
     <span class='ocr_line' id='line_1_6' title="bbox 364 1030 1431 1143; baseline -0.002 -26"><span class='ocrx_word' id='word_1_37' title='bbox 364 1033 548 1143; x_wconf 85' lang='lat' dir='ltr'><strong>appeliata⁵</strong></span> <span class='ocrx_word' id='word_1_38' title='bbox 573 1070 592 1115; x_wconf 90' lang='lat' dir='ltr'><strong>a</strong></span> <span class='ocrx_word' id='word_1_39' title='bbox 610 1047 752 1141; x_wconf 81' lang='lat' dir='ltr'><strong>praelatis</strong></span> <span class='ocrx_word' id='word_1_40' title='bbox 776 1047 924 1118; x_wconf 82' lang='lat' dir='ltr'><strong>floribus.</strong></span> <span class='ocrx_word' id='word_1_41' title='bbox 949 1049 994 1114; x_wconf 86' lang='lat' dir='ltr'><strong>Et</strong></span> <span class='ocrx_word' id='word_1_42' title='bbox 1013 1047 1099 1114; x_wconf 89' lang='lat' dir='ltr'><strong>inter</strong></span> <span class='ocrx_word' id='word_1_43' title='bbox 1116 1030 1192 1114; x_wconf 84' lang='lat' dir='ltr'><strong>has⁶</strong></span> <span class='ocrx_word' id='word_1_44' title='bbox 1221 1046 1357 1114; x_wconf 81' lang='lat' dir='ltr'><strong>invenio</strong></span> <span class='ocrx_word' id='word_1_45' title='bbox 1374 1045 1431 1115; x_wconf 86' lang='lat' dir='ltr'><strong>dis·</strong></span> 
     </span>
     <span class='ocr_line' id='line_1_7' title="bbox 364 1150 1428 1249; baseline 0.001 -27"><span class='ocrx_word' id='word_1_46' title='bbox 364 1153 555 1224; x_wconf 84' lang='lat' dir='ltr'><strong>ferentiam:</strong></span> <span class='ocrx_word' id='word_1_47' title='bbox 572 1177 672 1222; x_wconf 88' lang='lat' dir='ltr'><strong>unam</strong></span> <span class='ocrx_word' id='word_1_48' title='bbox 688 1179 761 1248; x_wconf 82' lang='lat' dir='ltr'><strong>quae</strong></span> <span class='ocrx_word' id='word_1_49' title='bbox 773 1177 922 1249; x_wconf 81' lang='lat' dir='ltr'><strong>purpura</strong></span> <span class='ocrx_word' id='word_1_50' title='bbox 933 1151 1040 1222; x_wconf 80' lang='lat' dir='ltr'>radiat</span> <span class='ocrx_word' id='word_1_51' title='bbox 1051 1175 1059 1220; x_wconf 76' lang='grc' dir='ltr'><strong>ι</strong></span> <span class='ocrx_word' id='word_1_52' title='bbox 1070 1150 1207 1220; x_wconf 86' lang='lat' dir='ltr'><strong>aiteram</strong></span> <span class='ocrx_word' id='word_1_53' title='bbox 1219 1175 1295 1244; x_wconf 78' lang='lat' dir='ltr'><strong>quae</strong></span> <span class='ocrx_word' id='word_1_54' title='bbox 1311 1175 1428 1223; x_wconf 84' lang='lat' dir='ltr'><strong>cocco:</strong></span> 
     </span>
    </p>
   </div>
   <div class='ocr_carea' id='block_1_3' title="bbox 305 1351 1435 4203">
    <p class='ocr_par' dir='ltr' id='par_1_3' title="bbox 305 1351 1435 4203">
     <span class='ocr_line' id='line_1_8' title="bbox 364 1351 1432 1430; baseline -0.002 -20"><span class='ocrx_word' id='word_1_55' title='bbox 364 1357 513 1410; x_wconf 74' lang='grc' dir='ltr'><strong>Ιιιανιιανιιιιι</strong></span> <span class='ocrx_word' id='word_1_56' title='bbox 522 1355 674 1412; x_wconf 73' lang='lat' dir='ltr'><strong>saumatam</strong></span> <span class='ocrx_word' id='word_1_57' title='bbox 679 1362 803 1430; x_wconf 73' lang='lat' dir='ltr'><strong>praecipua</strong></span> <span class='ocrx_word' id='word_1_58' title='bbox 815 1378 875 1429; x_wconf 81' lang='lat' dir='ltr'><strong>gra-</strong></span> <span class='ocrx_word' id='word_1_59' title='bbox 915 1355 1011 1418; x_wconf 88' lang='lat' dir='ltr'><strong>India,</strong></span> <span class='ocrx_word' id='word_1_60' title='bbox 1032 1355 1108 1426; x_wconf 81' lang='lat' dir='ltr'><strong>cujus</strong></span> <span class='ocrx_word' id='word_1_61' title='bbox 1125 1354 1192 1408; x_wconf 82' lang='lat' dir='ltr'><strong>Iucia</strong></span> <span class='ocrx_word' id='word_1_62' title='bbox 1212 1354 1332 1426; x_wconf 79' lang='lat' dir='ltr'><strong>rigorem</strong></span> <span class='ocrx_word' id='word_1_63' title='bbox 1351 1351 1432 1408; x_wconf 86' lang='lat' dir='ltr'><strong>ardor</strong></span> 
     </span>
     <span class='ocr_line' id='line_1_9' title="bbox 365 1430 1432 1509; baseline -0.004 -19"><span class='ocrx_word' id='word_1_64' title='bbox 365 1440 399 1489; x_wconf 84' lang='lat' dir='ltr'><strong>tia</strong></span> <span class='ocrx_word' id='word_1_65' title='bbox 415 1432 463 1500; x_wconf 87' lang='lat' dir='ltr'><strong>(sic</strong></span> <span class='ocrx_word' id='word_1_66' title='bbox 480 1435 571 1509; x_wconf 89' lang='lat' dir='ltr'><strong>prius).</strong></span> <span class='ocrx_word' id='word_1_67' title='bbox 584 1439 660 1509; x_wconf 52' lang='lat' dir='ltr'><strong>vLege</strong></span> <span class='ocrx_word' id='word_1_68' title='bbox 676 1456 683 1492; x_wconf 75' lang='grc' dir='ltr'><em>τ</em></span> <span class='ocrx_word' id='word_1_69' title='bbox 699 1463 710 1484; x_wconf 89' lang='grc' dir='ltr'><strong>ι</strong></span> <span class='ocrx_word' id='word_1_70' title='bbox 722 1439 765 1492; x_wconf 80' lang='lat' dir='ltr'><strong>Ex</strong></span> <span class='ocrx_word' id='word_1_71' title='bbox 779 1437 874 1492; x_wconf 91' lang='lat' dir='ltr'><strong>eodem</strong></span> <span class='ocrx_word' id='word_1_72' title='bbox 917 1430 1012 1490; x_wconf 72' lang='lat' dir='ltr'><strong>eicitur</strong></span> <span class='ocrx_word' id='word_1_73' title='bbox 1032 1434 1213 1500; x_wconf 87' lang='lat' dir='ltr'><strong>lucernarum,</strong></span> <span class='ocrx_word' id='word_1_74' title='bbox 1233 1451 1287 1506; x_wconf 83' lang='lat' dir='ltr'><strong>qua</strong></span> <span class='ocrx_word' id='word_1_75' title='bbox 1304 1451 1336 1486; x_wconf 86' lang='lat' dir='ltr'><strong>ex</strong></span> <span class='ocrx_word' id='word_1_76' title='bbox 1355 1452 1432 1486; x_wconf 84' lang='lat' dir='ltr'><strong>causa</strong></span> 
     </span>
     <span class='ocr_line' id='line_1_10' title="bbox 364 1513 1411 1589; baseline -0.003 -21"><span class='ocrx_word' id='word_1_77' title='bbox 364 1520 459 1586; x_wconf 74' lang='lat' dir='ltr'><strong>genere</strong></span> <span class='ocrx_word' id='word_1_78' title='bbox 475 1515 623 1570; x_wconf 75' lang='lat' dir='ltr'><strong>ardentium</strong></span> <span class='ocrx_word' id='word_1_79' title='bbox 635 1518 764 1589; x_wconf 83' lang='lat' dir='ltr'><strong>Lychnis,</strong></span> <span class='ocrx_word' id='word_1_80' title='bbox 781 1517 874 1589; x_wconf 84' lang='lat' dir='ltr'><strong>appel·</strong></span> <span class='ocrx_word' id='word_1_81' title='bbox 915 1515 1052 1588; x_wconf 79' lang='lat' dir='ltr'>lychniten</span> <span class='ocrx_word' id='word_1_82' title='bbox 1065 1513 1150 1568; x_wconf 85' lang='lat' dir='ltr'><strong>Graeci</strong></span> <span class='ocrx_word' id='word_1_83' title='bbox 1164 1525 1337 1567; x_wconf 85' lang='lat' dir='ltr'><strong>vocaverunt.</strong></span> <span class='ocrx_word' id='word_1_84' title='bbox 1351 1539 1363 1560; x_wconf 75' lang='grc' dir='ltr'><strong>ι</strong></span> <span class='ocrx_word' id='word_1_85' title='bbox 1376 1513 1411 1565; x_wconf 90' lang='lat' dir='ltr'><strong>II.</strong></span> 
     </span>
     <span class='ocr_line' id='line_1_11' title="bbox 362 1591 1430 1661; baseline -0.006 -15"><span class='ocrx_word' id='word_1_86' title='bbox 362 1595 414 1647; x_wconf 90' lang='lat' dir='ltr'><strong>lata</strong></span> <span class='ocrx_word' id='word_1_87' title='bbox 439 1614 454 1647; x_wconf 89' lang='lat' dir='ltr'><strong>a</strong></span> <span class='ocrx_word' id='word_1_88' title='bbox 476 1597 645 1650; x_wconf 79' lang='lat' dir='ltr'><strong>lucernarum</strong></span> <span class='ocrx_word' id='word_1_89' title='bbox 669 1615 794 1661; x_wconf 86' lang='lat' dir='ltr'><strong>aeoeusu,</strong></span> <span class='ocrx_word' id='word_1_90' title='bbox 817 1609 874 1650; x_wconf 90' lang='lat' dir='ltr'><strong>tum</strong></span> <span class='ocrx_word' id='word_1_91' title='bbox 957 1594 983 1648; x_wconf 75' lang='lat'><strong>3.</strong></span> <span class='ocrx_word' id='word_1_92' title='bbox 1007 1596 1038 1646; x_wconf 82' lang='lat' dir='ltr'><strong>Ia</strong></span> <span class='ocrx_word' id='word_1_93' title='bbox 1058 1593 1136 1646; x_wconf 80' lang='lat' dir='ltr'><strong>ledis.</strong></span> <span class='ocrx_word' id='word_1_94' title='bbox 1158 1591 1295 1657; x_wconf 78' lang='lat' dir='ltr'><strong>Isidorus,</strong></span> <span class='ocrx_word' id='word_1_95' title='bbox 1315 1592 1367 1645; x_wconf 73' lang='lat' dir='ltr'><strong>Ios.</strong></span> <span class='ocrx_word' id='word_1_96' title='bbox 1386 1593 1430 1646; x_wconf 80' lang='lat' dir='ltr'><strong>tit.</strong></span> 
     </span>
     <span class='ocr_line' id='line_1_12' title="bbox 362 1671 1432 1746; baseline -0.003 -19"><span class='ocrx_word' id='word_1_97' title='bbox 362 1675 503 1746; x_wconf 73' lang='lat' dir='ltr'><strong>precipue</strong></span> <span class='ocrx_word' id='word_1_98' title='bbox 513 1677 612 1746; x_wconf 82' lang='lat' dir='ltr'><strong>gratiss.</strong></span> <span class='ocrx_word' id='word_1_99' title='bbox 624 1702 635 1723; x_wconf 85' lang='grc' dir='ltr'><strong>ι</strong></span> <span class='ocrx_word' id='word_1_100' title='bbox 648 1677 720 1730; x_wconf 85' lang='grc' dir='ltr'><strong>Τιιιιι</strong></span> <span class='ocrx_word' id='word_1_101' title='bbox 732 1677 875 1746; x_wconf 79' lang='lat' dir='ltr'><strong>praecipuas</strong></span> <span class='ocrx_word' id='word_1_102' title='bbox 916 1673 1050 1727; x_wconf 82' lang='lat' dir='ltr'><strong>Plutarch.</strong></span> <span class='ocrx_word' id='word_1_103' title='bbox 1065 1672 1113 1727; x_wconf 89' lang='lat' dir='ltr'><strong>lib.</strong></span> <span class='ocrx_word' id='word_1_104' title='bbox 1129 1671 1164 1726; x_wconf 88' lang='lat' dir='ltr'><strong>de</strong></span> <span class='ocrx_word' id='word_1_105' title='bbox 1175 1671 1291 1737; x_wconf 81' lang='lat' dir='ltr'><strong>Fluviis,</strong></span> <span class='ocrx_word' id='word_1_106' title='bbox 1308 1691 1336 1742; x_wconf 91' lang='lat' dir='ltr'><strong>p.</strong></span> <span class='ocrx_word' id='word_1_107' title='bbox 1351 1679 1432 1742; x_wconf 73' lang='lat'><strong>1149,</strong></span> 
     </span>
     <span class='ocr_line' id='line_1_13' title="bbox 361 1750 1432 1826; baseline -0.003 -21"><span class='ocrx_word' id='word_1_108' title='bbox 361 1754 452 1823; x_wconf 89' lang='lat' dir='ltr'><strong>gratias</strong></span> <span class='ocrx_word' id='word_1_109' title='bbox 475 1773 531 1807; x_wconf 90' lang='lat' dir='ltr'><strong>esse</strong></span> <span class='ocrx_word' id='word_1_110' title='bbox 558 1754 623 1808; x_wconf 86' lang='lat' dir='ltr'><strong>dicit</strong></span> <span class='ocrx_word' id='word_1_111' title='bbox 647 1756 715 1808; x_wconf 85' lang='lat' dir='ltr'><strong>hano</strong></span> <span class='ocrx_word' id='word_1_112' title='bbox 742 1773 874 1826; x_wconf 88' lang='lat' dir='ltr'><strong>gemmam</strong></span> <span class='ocrx_word' id='word_1_113' title='bbox 913 1755 988 1823; x_wconf 78' lang='lat' dir='ltr'><strong>justa</strong></span> <span class='ocrx_word' id='word_1_114' title='bbox 1019 1750 1162 1823; x_wconf 76' lang='lat' dir='ltr'><strong>Hydaspen</strong></span> <span class='ocrx_word' id='word_1_115' title='bbox 1187 1769 1294 1803; x_wconf 84' lang='lat' dir='ltr'><strong>emnem</strong></span> <span class='ocrx_word' id='word_1_116' title='bbox 1319 1751 1432 1822; x_wconf 90' lang='lat' dir='ltr'><strong>reperiri</strong></span> 
     </span>
     <span class='ocr_line' id='line_1_14' title="bbox 362 1827 1429 1906; baseline -0.001 -23"><span class='ocrx_word' id='word_1_117' title='bbox 362 1849 447 1902; x_wconf 88' lang='lat' dir='ltr'><strong>quum</strong></span> <span class='ocrx_word' id='word_1_118' title='bbox 470 1832 587 1887; x_wconf 78' lang='lat' dir='ltr'><strong>lucerne</strong></span> <span class='ocrx_word' id='word_1_119' title='bbox 598 1851 713 1888; x_wconf 81' lang='lat' dir='ltr'><strong>accense</strong></span> <span class='ocrx_word' id='word_1_120' title='bbox 724 1847 799 1898; x_wconf 86' lang='lat' dir='ltr'><strong>sunt,</strong></span> <span class='ocrx_word' id='word_1_121' title='bbox 812 1834 875 1906; x_wconf 89' lang='lat' dir='ltr'><strong>quia</strong></span> <span class='ocrx_word' id='word_1_122' title='bbox 916 1845 1046 1888; x_wconf 70' lang='lat' dir='ltr'><strong>asseverat</strong></span> <span class='ocrx_word' id='word_1_123' title='bbox 1062 1835 1200 1885; x_wconf 73' lang='lat' dir='ltr'><strong>:Parsirai</strong></span> <span class='ocrx_word' id='word_1_124' title='bbox 1219 1827 1250 1883; x_wconf 83' lang='lat' dir='ltr'><strong>di</strong></span> <span class='ocrx_word' id='word_1_125' title='bbox 1265 1833 1289 1881; x_wconf 77' lang='lat' dir='ltr'><strong>iv</strong></span> <span class='ocrx_word' id='word_1_126' title='bbox 1309 1834 1378 1901; x_wconf 70' lang='grc' dir='ltr'><strong>αὐτῷ</strong></span> <span class='ocrx_word' id='word_1_127' title='bbox 1394 1832 1429 1882; x_wconf 78' lang='grc' dir='ltr'><strong>λί-</strong></span> 
     </span>
     <span class='ocr_line' id='line_1_15' title="bbox 362 1905 1431 1982; baseline 0 -21"><span class='ocrx_word' id='word_1_128' title='bbox 362 1910 440 1982; x_wconf 84' lang='lat' dir='ltr'><strong>vigor</strong></span> <span class='ocrx_word' id='word_1_129' title='bbox 450 1913 507 1982; x_wconf 83' lang='lat' dir='ltr'><strong>ejus</strong></span> <span class='ocrx_word' id='word_1_130' title='bbox 516 1925 543 1965; x_wconf 90' lang='lat' dir='ltr'><strong>et</strong></span> <span class='ocrx_word' id='word_1_131' title='bbox 552 1911 633 1965; x_wconf 91' lang='lat' dir='ltr'><strong>ardor</strong></span> <span class='ocrx_word' id='word_1_132' title='bbox 644 1915 773 1967; x_wconf 83' lang='lat' dir='ltr'><strong>excitatur</strong></span> <span class='ocrx_word' id='word_1_133' title='bbox 784 1932 874 1968; x_wconf 83' lang='lat' dir='ltr'><strong>aereu-</strong></span> <span class='ocrx_word' id='word_1_134' title='bbox 916 1916 955 1970; x_wconf 74' lang='lat' dir='ltr'><strong>tae</strong></span> <span class='ocrx_word' id='word_1_135' title='bbox 977 1911 1065 1978; x_wconf 69' lang='grc' dir='ltr'><strong>Δῦχνις</strong></span> <span class='ocrx_word' id='word_1_136' title='bbox 1080 1913 1241 1981; x_wconf 61' lang='lat' dir='ltr'><strong>antiperti·</strong></span> <span class='ocrx_word' id='word_1_137' title='bbox 1259 1905 1383 1970; x_wconf 57' lang='lat' dir='ltr'><strong>desdiae</strong></span> <span class='ocrx_word' id='word_1_138' title='bbox 1401 1905 1431 1961; x_wconf 84' lang='lat' dir='ltr'><strong>di</strong></span> 
     </span>
     <span class='ocr_line' id='line_1_16' title="bbox 361 1988 1412 2064; baseline 0.001 -23"><span class='ocrx_word' id='word_1_139' title='bbox 361 2007 451 2042; x_wconf 87' lang='lat' dir='ltr'><strong>sarum</strong></span> <span class='ocrx_word' id='word_1_140' title='bbox 467 1992 636 2046; x_wconf 85' lang='lat' dir='ltr'><strong>lucernarum</strong></span> <span class='ocrx_word' id='word_1_141' title='bbox 649 1992 795 2064; x_wconf 84' lang='lat' dir='ltr'><strong>flagrantia.</strong></span> <span class='ocrx_word' id='word_1_142' title='bbox 812 1994 871 2063; x_wconf 88' lang='lat' dir='ltr'><strong>Seq.</strong></span> <span class='ocrx_word' id='word_1_143' title='bbox 917 1993 995 2060; x_wconf 69' lang='grc' dir='ltr'><strong>ὶςιτῇ</strong></span> <span class='ocrx_word' id='word_1_144' title='bbox 1011 1991 1087 2060; x_wconf 68' lang='grc' dir='ltr'>χρόᾳ,</span> <span class='ocrx_word' id='word_1_145' title='bbox 1102 1991 1144 2044; x_wconf 81' lang='lat' dir='ltr'><strong>aui</strong></span> <span class='ocrx_word' id='word_1_146' title='bbox 1156 1992 1224 2052; x_wconf 75' lang='grc' dir='ltr'><strong>ζιςὸς</strong></span> <span class='ocrx_word' id='word_1_147' title='bbox 1234 1988 1311 2042; x_wconf 76' lang='grc' dir='ltr'><strong>πάνυ.</strong></span> <span class='ocrx_word' id='word_1_148' title='bbox 1321 1988 1412 2042; x_wconf 85' lang='lat' dir='ltr'><strong>IIaan.</strong></span> 
     </span>
     <span class='ocr_line' id='line_1_17' title="bbox 362 2068 1431 2141; baseline -0.001 -21"><span class='ocrx_word' id='word_1_149' title='bbox 362 2068 400 2120; x_wconf 86' lang='lat' dir='ltr'><strong>sie</strong></span> <span class='ocrx_word' id='word_1_150' title='bbox 417 2069 467 2139; x_wconf 88' lang='lat' dir='ltr'><strong>leg.</strong></span> <span class='ocrx_word' id='word_1_151' title='bbox 481 2071 540 2123; x_wconf 80' lang='lat' dir='ltr'><strong>«Et</strong></span> <span class='ocrx_word' id='word_1_152' title='bbox 553 2071 682 2124; x_wconf 80' lang='lat' dir='ltr'><strong>intes-&#39;has</strong></span> <span class='ocrx_word' id='word_1_153' title='bbox 696 2073 803 2125; x_wconf 84' lang='lat' dir='ltr'><strong>invenio</strong></span> <span class='ocrx_word' id='word_1_154' title='bbox 821 2071 875 2124; x_wconf 83' lang='lat' dir='ltr'><strong>dis·</strong></span> <span class='ocrx_word' id='word_1_155' title='bbox 927 2127 934 2138; x_wconf 48' lang='lat'><strong>,</strong></span> <span class='ocrx_word' id='word_1_156' title='bbox 958 2077 984 2134; x_wconf 73' lang='grc'><strong>4.</strong></span> <span class='ocrx_word' id='word_1_157' title='bbox 1021 2071 1102 2138; x_wconf 80' lang='lat' dir='ltr'><strong>Quam</strong></span> <span class='ocrx_word' id='word_1_158' title='bbox 1131 2069 1229 2141; x_wconf 82' lang='lat' dir='ltr'><strong>quidam</strong></span> <span class='ocrx_word' id='word_1_159' title='bbox 1258 2071 1431 2134; x_wconf 76' lang='lat' dir='ltr'><strong>remissiorem,</strong></span> 
     </span>
     <span class='ocr_line' id='line_1_18' title="bbox 363 2146 1432 2222; baseline 0.001 -23"><span class='ocrx_word' id='word_1_160' title='bbox 363 2147 520 2212; x_wconf 74' lang='lat' dir='ltr'><strong>ferentium,</strong></span> <span class='ocrx_word' id='word_1_161' title='bbox 546 2168 599 2202; x_wconf 89' lang='lat' dir='ltr'><strong>uua</strong></span> <span class='ocrx_word' id='word_1_162' title='bbox 626 2170 743 2222; x_wconf 81' lang='lat' dir='ltr'><strong>purpura</strong></span> <span class='ocrx_word' id='word_1_163' title='bbox 773 2149 875 2220; x_wconf 86' lang='lat' dir='ltr'><strong>radiat,</strong></span> <span class='ocrx_word' id='word_1_164' title='bbox 916 2160 966 2202; x_wconf 81' lang='lat' dir='ltr'><strong>ete.</strong></span> <span class='ocrx_word' id='word_1_165' title='bbox 988 2146 1123 2214; x_wconf 78' lang='lat' dir='ltr'><strong>Isidorus,</strong></span> <span class='ocrx_word' id='word_1_166' title='bbox 1142 2149 1195 2201; x_wconf 88' lang='lat' dir='ltr'><strong>loc.</strong></span> <span class='ocrx_word' id='word_1_167' title='bbox 1213 2148 1259 2200; x_wconf 86' lang='lat' dir='ltr'><strong>cit.</strong></span> <span class='ocrx_word' id='word_1_168' title='bbox 1287 2147 1432 2200; x_wconf 81' lang='lat' dir='ltr'><strong>Remissior</strong></span> 
     </span>
     <span class='ocr_line' id='line_1_19' title="bbox 362 2225 1428 2298; baseline 0.001 -19"><span class='ocrx_word' id='word_1_169' title='bbox 362 2225 444 2279; x_wconf 88' lang='lat' dir='ltr'><strong>aitera</strong></span> <span class='ocrx_word' id='word_1_170' title='bbox 453 2245 541 2282; x_wconf 84' lang='lat' dir='ltr'><strong>coreo.</strong></span> <span class='ocrx_word' id='word_1_171' title='bbox 554 2229 877 2296; x_wconf 80' lang='lat' dir='ltr'><strong>Asoleesealeiacta,aut</strong></span> <span class='ocrx_word' id='word_1_172' title='bbox 916 2226 1093 2280; x_wconf 83' lang='lat' dir='ltr'><strong>carbunculus</strong></span> <span class='ocrx_word' id='word_1_173' title='bbox 1112 2245 1126 2279; x_wconf 90' lang='lat' dir='ltr'><strong>u</strong></span> <span class='ocrx_word' id='word_1_174' title='bbox 1149 2227 1247 2280; x_wconf 86' lang='lat' dir='ltr'><strong>nostris</strong></span> <span class='ocrx_word' id='word_1_175' title='bbox 1268 2227 1428 2298; x_wconf 85' lang='lat' dir='ltr'><strong>appellatur,</strong></span> 
     </span>
     <span class='ocr_line' id='line_1_20' title="bbox 363 2302 1192 2379; baseline 0.004 -23"><span class='ocrx_word' id='word_1_176' title='bbox 363 2302 509 2376; x_wconf 72' lang='lat' dir='ltr'><strong>digitorum</strong></span> <span class='ocrx_word' id='word_1_177' title='bbox 527 2309 619 2362; x_wconf 87' lang='lat' dir='ltr'><strong>attritu</strong></span> <span class='ocrx_word' id='word_1_178' title='bbox 634 2310 721 2379; x_wconf 76' lang='lat' dir='ltr'><strong>paleas</strong></span> <span class='ocrx_word' id='word_1_179' title='bbox 732 2321 758 2363; x_wconf 86' lang='lat' dir='ltr'><strong>et</strong></span> <span class='ocrx_word' id='word_1_180' title='bbox 771 2311 874 2362; x_wconf 90' lang='lat' dir='ltr'><strong>charta·</strong></span> <span class='ocrx_word' id='word_1_181' title='bbox 915 2307 980 2360; x_wconf 82' lang='lat' dir='ltr'><strong>rudis</strong></span> <span class='ocrx_word' id='word_1_182' title='bbox 993 2308 1080 2361; x_wconf 81' lang='lat' dir='ltr'><strong>buluir.</strong></span> <span class='ocrx_word' id='word_1_183' title='bbox 1100 2306 1192 2360; x_wconf 82' lang='lat' dir='ltr'><strong>Haan.</strong></span> 
     </span>
     <span class='ocr_line' id='line_1_21' title="bbox 362 2384 1431 2459; baseline 0.002 -24"><span class='ocrx_word' id='word_1_184' title='bbox 362 2402 423 2436; x_wconf 89' lang='lat' dir='ltr'><strong>rum</strong></span> <span class='ocrx_word' id='word_1_185' title='bbox 437 2385 481 2437; x_wconf 85' lang='lat' dir='ltr'><strong>fila</strong></span> <span class='ocrx_word' id='word_1_186' title='bbox 498 2386 532 2440; x_wconf 87' lang='lat' dir='ltr'><strong>ad</strong></span> <span class='ocrx_word' id='word_1_187' title='bbox 546 2406 574 2440; x_wconf 91' lang='lat' dir='ltr'><strong>se</strong></span> <span class='ocrx_word' id='word_1_188' title='bbox 586 2389 665 2459; x_wconf 88' lang='lat' dir='ltr'><strong>rapit.</strong></span> <span class='ocrx_word' id='word_1_189' title='bbox 684 2389 874 2442; x_wconf 68' lang='lat' dir='ltr'><strong>assessis-</strong></span> <span class='ocrx_word' id='word_1_190' title='bbox 956 2385 982 2440; x_wconf 79' lang='lat'><strong>6.</strong></span> <span class='ocrx_word' id='word_1_191' title='bbox 996 2388 1068 2439; x_wconf 81' lang='lat' dir='ltr'><strong>Iunia</strong></span> <span class='ocrx_word' id='word_1_192' title='bbox 1080 2387 1217 2458; x_wconf 80' lang='lat' dir='ltr'><strong>appellata,</strong></span> <span class='ocrx_word' id='word_1_193' title='bbox 1230 2397 1282 2439; x_wconf 84' lang='lat' dir='ltr'><strong>ete.</strong></span> <span class='ocrx_word' id='word_1_194' title='bbox 1297 2384 1431 2450; x_wconf 81' lang='lat' dir='ltr'><strong>Quoniam</strong></span> 
     </span>
     <span class='ocr_line' id='line_1_22' title="bbox 362 2462 1432 2538; baseline 0 -22"><span class='ocrx_word' id='word_1_195' title='bbox 362 2462 475 2532; x_wconf 60' lang='grc' dir='ltr'><strong>Ιῃὶιηίι.</strong></span> <span class='ocrx_word' id='word_1_196' title='bbox 491 2465 623 2532; x_wconf 92' lang='lat' dir='ltr'><strong>Isidorus,</strong></span> <span class='ocrx_word' id='word_1_197' title='bbox 638 2467 714 2538; x_wconf 90' lang='lat' dir='ltr'><strong>Orig.</strong></span> <span class='ocrx_word' id='word_1_198' title='bbox 729 2467 778 2520; x_wconf 90' lang='lat' dir='ltr'><strong>lib.</strong></span> <span class='ocrx_word' id='word_1_199' title='bbox 792 2469 873 2532; x_wconf 85' lang='lat' dir='ltr'><strong>XVI,</strong></span> <span class='ocrx_word' id='word_1_200' title='bbox 915 2465 992 2519; x_wconf 78' lang='lat' dir='ltr'><strong>violae</strong></span> <span class='ocrx_word' id='word_1_201' title='bbox 1009 2466 1125 2519; x_wconf 82' lang='lat' dir='ltr'><strong>colorem</strong></span> <span class='ocrx_word' id='word_1_202' title='bbox 1147 2485 1202 2536; x_wconf 91' lang='lat' dir='ltr'><strong>pras</strong></span> <span class='ocrx_word' id='word_1_203' title='bbox 1224 2483 1251 2516; x_wconf 88' lang='lat' dir='ltr'><strong>se</strong></span> <span class='ocrx_word' id='word_1_204' title='bbox 1266 2465 1332 2528; x_wconf 82' lang='lat' dir='ltr'><strong>sert,</strong></span> <span class='ocrx_word' id='word_1_205' title='bbox 1352 2475 1432 2517; x_wconf 85' lang='lat' dir='ltr'><strong>etre-</strong></span> 
     </span>
     <span class='ocr_line' id='line_1_23' title="bbox 363 2542 1431 2622; baseline 0.002 -27"><span class='ocrx_word' id='word_1_206' title='bbox 363 2559 422 2614; x_wconf 88' lang='lat' dir='ltr'><strong>eap.</strong></span> <span class='ocrx_word' id='word_1_207' title='bbox 435 2543 469 2597; x_wconf 74' lang='lat' dir='ltr'><strong>rs</strong></span> <span class='ocrx_word' id='word_1_208' title='bbox 487 2564 494 2597; x_wconf 77' lang='grc' dir='ltr'><strong>ι</strong></span> <span class='ocrx_word' id='word_1_209' title='bbox 517 2572 529 2594; x_wconf 78' lang='grc' dir='ltr'><strong>ι</strong></span> <span class='ocrx_word' id='word_1_210' title='bbox 545 2546 661 2617; x_wconf 85' lang='lat' dir='ltr'><strong>Lyehuis</strong></span> <span class='ocrx_word' id='word_1_211' title='bbox 674 2566 707 2601; x_wconf 81' lang='lat' dir='ltr'><strong>es</strong></span> <span class='ocrx_word' id='word_1_212' title='bbox 718 2545 812 2601; x_wconf 88' lang='lat' dir='ltr'><strong>eodem</strong></span> <span class='ocrx_word' id='word_1_213' title='bbox 828 2566 874 2622; x_wconf 91' lang='lat' dir='ltr'><strong>ge·</strong></span> <span class='ocrx_word' id='word_1_214' title='bbox 915 2557 1071 2617; x_wconf 51' lang='lat' dir='ltr'><strong>praesentum</strong></span> <span class='ocrx_word' id='word_1_215' title='bbox 1085 2543 1183 2598; x_wconf 87' lang='lat' dir='ltr'><strong>durum</strong></span> <span class='ocrx_word' id='word_1_216' title='bbox 1196 2542 1323 2615; x_wconf 85' lang='lat' dir='ltr'><strong>loquendi</strong></span> <span class='ocrx_word' id='word_1_217' title='bbox 1337 2560 1431 2614; x_wconf 88' lang='lat' dir='ltr'><strong>genus.</strong></span> 
     </span>
     <span class='ocr_line' id='line_1_24' title="bbox 361 2622 1432 2698; baseline 0.001 -24"><span class='ocrx_word' id='word_1_218' title='bbox 361 2640 427 2674; x_wconf 91' lang='lat' dir='ltr'><strong>nere</strong></span> <span class='ocrx_word' id='word_1_219' title='bbox 452 2622 603 2678; x_wconf 84' lang='lat' dir='ltr'><strong>ardentium</strong></span> <span class='ocrx_word' id='word_1_220' title='bbox 627 2639 666 2679; x_wconf 93' lang='lat' dir='ltr'><strong>est</strong></span> <span class='ocrx_word' id='word_1_221' title='bbox 687 2628 835 2698; x_wconf 83' lang='lat' dir='ltr'><strong>appellata,</strong></span> <span class='ocrx_word' id='word_1_222' title='bbox 860 2647 874 2679; x_wconf 91' lang='lat' dir='ltr'><strong>a</strong></span> <span class='ocrx_word' id='word_1_223' title='bbox 916 2626 1017 2679; x_wconf 82' lang='lat' dir='ltr'><strong>Danau.</strong></span> <span class='ocrx_word' id='word_1_224' title='bbox 1036 2656 1077 2668; x_wconf 90' lang='lat'>-</span> <span class='ocrx_word' id='word_1_225' title='bbox 1095 2625 1122 2677; x_wconf 82' lang='lat' dir='ltr'><em>A</em></span> <span class='ocrx_word' id='word_1_226' title='bbox 1141 2622 1252 2696; x_wconf 75' lang='lat' dir='ltr'><strong>prelatii</strong></span> <span class='ocrx_word' id='word_1_227' title='bbox 1266 2623 1383 2693; x_wconf 70' lang='lat' dir='ltr'><strong>floridio.</strong></span> <span class='ocrx_word' id='word_1_228' title='bbox 1410 2626 1432 2675; x_wconf 78' lang='grc' dir='ltr'><strong>Α</strong></span> 
     </span>
     <span class='ocr_line' id='line_1_25' title="bbox 363 2701 1434 2775; baseline 0.003 -24"><span class='ocrx_word' id='word_1_229' title='bbox 363 2701 530 2757; x_wconf 71' lang='lat' dir='ltr'><strong>lucernarum</strong></span> <span class='ocrx_word' id='word_1_230' title='bbox 543 2704 688 2775; x_wconf 89' lang='lat' dir='ltr'><strong>flagrantia.</strong></span> <span class='ocrx_word' id='word_1_231' title='bbox 704 2733 715 2753; x_wconf 78' lang='grc' dir='ltr'><strong>ι</strong></span> <span class='ocrx_word' id='word_1_232' title='bbox 731 2706 876 2759; x_wconf 81' lang='grc' dir='ltr'><strong>Ηιιιυ.’-</strong></span> <span class='ocrx_word' id='word_1_233' title='bbox 916 2704 1057 2775; x_wconf 74' lang='lat' dir='ltr'><strong>precipuis</strong></span> <span class='ocrx_word' id='word_1_234' title='bbox 1074 2703 1202 2767; x_wconf 83' lang='lat' dir='ltr'><strong>floribus,</strong></span> <span class='ocrx_word' id='word_1_235' title='bbox 1223 2720 1323 2772; x_wconf 87' lang='lat' dir='ltr'><strong>nempe</strong></span> <span class='ocrx_word' id='word_1_236' title='bbox 1344 2702 1434 2766; x_wconf 81' lang='lat' dir='ltr'><strong>riola,</strong></span> 
     </span>
     <span class='ocr_line' id='line_1_26' title="bbox 363 2772 1433 2855; baseline -0.001 -20"><span class='ocrx_word' id='word_1_237' title='bbox 363 2780 474 2852; x_wconf 56' lang='lat' dir='ltr'><strong>lychnis.</strong></span> <span class='ocrx_word' id='word_1_238' title='bbox 488 2783 753 2839; x_wconf 78' lang='lat' dir='ltr'><strong>EthaaeBroterius</strong></span> <span class='ocrx_word' id='word_1_239' title='bbox 770 2784 804 2839; x_wconf 87' lang='lat' dir='ltr'><strong>ad</strong></span> <span class='ocrx_word' id='word_1_240' title='bbox 818 2804 875 2839; x_wconf 83' lang='lat' dir='ltr'><strong>oar·</strong></span> <span class='ocrx_word' id='word_1_241' title='bbox 916 2786 992 2855; x_wconf 83' lang='lat' dir='ltr'><strong>eujus</strong></span> <span class='ocrx_word' id='word_1_242' title='bbox 1015 2784 1134 2837; x_wconf 82' lang='lat' dir='ltr'><strong>colorem</strong></span> <span class='ocrx_word' id='word_1_243' title='bbox 1154 2783 1245 2836; x_wconf 80' lang='lat' dir='ltr'><strong>refert.</strong></span> <span class='ocrx_word' id='word_1_244' title='bbox 1268 2772 1306 2835; x_wconf 72' lang='lat' dir='ltr'><strong>Ira</strong></span> <span class='ocrx_word' id='word_1_245' title='bbox 1332 2781 1433 2835; x_wconf 74' lang='lat' dir='ltr'><strong>Grecis</strong></span> 
     </span>
     <span class='ocr_line' id='line_1_27' title="bbox 363 2852 1432 2936; baseline 0.002 -24"><span class='ocrx_word' id='word_1_246' title='bbox 363 2860 494 2913; x_wconf 82' lang='lat' dir='ltr'><strong>huneuios</strong></span> <span class='ocrx_word' id='word_1_247' title='bbox 516 2863 614 2929; x_wconf 82' lang='lat' dir='ltr'><strong>refert,</strong></span> <span class='ocrx_word' id='word_1_248' title='bbox 636 2864 809 2936; x_wconf 85' lang='lat' dir='ltr'><strong>eamdemque</strong></span> <span class='ocrx_word' id='word_1_249' title='bbox 838 2866 876 2918; x_wconf 90' lang='lat' dir='ltr'><strong>ait</strong></span> <span class='ocrx_word' id='word_1_250' title='bbox 916 2863 986 2916; x_wconf 83' lang='lat' dir='ltr'><strong>riola</strong></span> <span class='ocrx_word' id='word_1_251' title='bbox 999 2875 1046 2916; x_wconf 87' lang='lat' dir='ltr'><strong>est.</strong></span> <span class='ocrx_word' id='word_1_252' title='bbox 1061 2852 1147 2927; x_wconf 71' lang='lat' dir='ltr'><strong>iussit,</strong></span> <span class='ocrx_word' id='word_1_253' title='bbox 1164 2864 1238 2915; x_wconf 85' lang='lat' dir='ltr'><strong>lorus</strong></span> <span class='ocrx_word' id='word_1_254' title='bbox 1252 2861 1332 2915; x_wconf 83' lang='lat' dir='ltr'><strong>riolia</strong></span> <span class='ocrx_word' id='word_1_255' title='bbox 1347 2862 1432 2914; x_wconf 77' lang='lat' dir='ltr'><strong>musi·</strong></span> 
     </span>
     <span class='ocr_line' id='line_1_28' title="bbox 363 2941 1432 3015; baseline 0 -22"><span class='ocrx_word' id='word_1_256' title='bbox 363 2957 424 2993; x_wconf 83' lang='lat' dir='ltr'><strong>euru</strong></span> <span class='ocrx_word' id='word_1_257' title='bbox 435 2957 469 2994; x_wconf 86' lang='lat' dir='ltr'><strong>eo</strong></span> <span class='ocrx_word' id='word_1_258' title='bbox 484 2958 563 3012; x_wconf 84' lang='lat' dir='ltr'><strong>quem</strong></span> <span class='ocrx_word' id='word_1_259' title='bbox 579 2954 709 2997; x_wconf 86' lang='lat' dir='ltr'><strong>nostrates</strong></span> <span class='ocrx_word' id='word_1_260' title='bbox 722 2944 874 3015; x_wconf 83' lang='lat' dir='ltr'><strong>appellant,</strong></span> <span class='ocrx_word' id='word_1_261' title='bbox 917 2954 970 2998; x_wconf 91' lang='lat' dir='ltr'><strong>tus.</strong></span> <span class='ocrx_word' id='word_1_262' title='bbox 983 2941 1165 3005; x_wconf 75' lang='lat' dir='ltr'><strong>tt.-10nia,</strong></span> <span class='ocrx_word' id='word_1_263' title='bbox 1182 2959 1241 3012; x_wconf 84' lang='lat' dir='ltr'><strong>quse</strong></span> <span class='ocrx_word' id='word_1_264' title='bbox 1256 2944 1378 3012; x_wconf 79' lang='lat' dir='ltr'><strong>purpura</strong></span> <span class='ocrx_word' id='word_1_265' title='bbox 1391 2960 1432 2993; x_wconf 89' lang='lat' dir='ltr'><strong>ra·</strong></span> 
     </span>
     <span class='ocr_line' id='line_1_29' title="bbox 305 3018 1431 3093; baseline 0.001 -24"><span class='ocrx_word' id='word_1_266' title='bbox 305 3078 309 3085; x_wconf 36' lang='grc'><strong>,</strong></span> <span class='ocrx_word' id='word_1_267' title='bbox 365 3019 429 3071; x_wconf 80' lang='lat' dir='ltr'><strong>rabis</strong></span> <span class='ocrx_word' id='word_1_268' title='bbox 447 3020 544 3073; x_wconf 72' lang='lat' dir='ltr'><strong>eoadem</strong></span> <span class='ocrx_word' id='word_1_269' title='bbox 560 3021 592 3074; x_wconf 76' lang='lat' dir='ltr'><strong>de</strong></span> <span class='ocrx_word' id='word_1_270' title='bbox 610 3026 697 3085; x_wconf 75' lang='lat' dir='ltr'><strong>seriae,-</strong></span> <span class='ocrx_word' id='word_1_271' title='bbox 716 3042 797 3093; x_wconf 87' lang='lat' dir='ltr'><strong>qnam</strong></span> <span class='ocrx_word' id='word_1_272' title='bbox 815 3023 877 3077; x_wconf 87' lang='lat' dir='ltr'><strong>satia</strong></span> <span class='ocrx_word' id='word_1_273' title='bbox 918 3018 988 3087; x_wconf 87' lang='lat' dir='ltr'><strong>diat,</strong></span> <span class='ocrx_word' id='word_1_274' title='bbox 1010 3021 1133 3074; x_wconf 89' lang='lat' dir='ltr'><strong>Broterio</strong></span> <span class='ocrx_word' id='word_1_275' title='bbox 1156 3019 1302 3090; x_wconf 79' lang='lat' dir='ltr'><strong>jadias,le</strong></span> <span class='ocrx_word' id='word_1_276' title='bbox 1328 3020 1431 3072; x_wconf 79' lang='lat' dir='ltr'><strong>rabiei</strong></span> 
     </span>
     <span class='ocr_line' id='line_1_30' title="bbox 364 3092 1431 3173; baseline 0.002 -23"><span class='ocrx_word' id='word_1_277' title='bbox 364 3110 426 3167; x_wconf 84' lang='lat' dir='ltr'><strong>apte</strong></span> <span class='ocrx_word' id='word_1_278' title='bbox 439 3100 578 3169; x_wconf 84' lang='lat' dir='ltr'><strong>peritiores</strong></span> <span class='ocrx_word' id='word_1_279' title='bbox 589 3100 781 3172; x_wconf 83' lang='lat' dir='ltr'><strong>judicaverint,</strong></span> <span class='ocrx_word' id='word_1_280' title='bbox 791 3120 877 3173; x_wconf 86' lang='lat' dir='ltr'><strong>quum</strong></span> <span class='ocrx_word' id='word_1_281' title='bbox 918 3105 990 3155; x_wconf 78' lang='lat' dir='ltr'><strong>triete</strong></span> <span class='ocrx_word' id='word_1_282' title='bbox 1002 3101 1032 3152; x_wconf 82' lang='lat' dir='ltr'><strong>de</strong></span> <span class='ocrx_word' id='word_1_283' title='bbox 1042 3092 1165 3170; x_wconf 66' lang='lat' dir='ltr'><strong>pearprei</strong></span> <span class='ocrx_word' id='word_1_284' title='bbox 1178 3101 1260 3154; x_wconf 84' lang='lat' dir='ltr'><strong>altera</strong></span> <span class='ocrx_word' id='word_1_285' title='bbox 1273 3118 1334 3171; x_wconf 68' lang='lat' dir='ltr'><strong>qua</strong></span> <span class='ocrx_word' id='word_1_286' title='bbox 1343 3116 1431 3163; x_wconf 70' lang='lat' dir='ltr'><strong>coeam</strong></span> 
     </span>
     <span class='ocr_line' id='line_1_31' title="bbox 365 3176 1435 3250; baseline 0.001 -21"><span class='ocrx_word' id='word_1_287' title='bbox 365 3176 467 3231; x_wconf 84' lang='lat' dir='ltr'><strong>Plinius</strong></span> <span class='ocrx_word' id='word_1_288' title='bbox 482 3197 515 3231; x_wconf 84' lang='lat' dir='ltr'><strong>ex</strong></span> <span class='ocrx_word' id='word_1_289' title='bbox 527 3180 595 3247; x_wconf 86' lang='lat' dir='ltr'><strong>hac,</strong></span> <span class='ocrx_word' id='word_1_290' title='bbox 612 3194 643 3233; x_wconf 87' lang='lat' dir='ltr'><strong>ut</strong></span> <span class='ocrx_word' id='word_1_291' title='bbox 658 3180 877 3249; x_wconf 87' lang='lat' dir='ltr'><strong>ecarclredouio,</strong></span> <span class='ocrx_word' id='word_1_292' title='bbox 918 3181 941 3232; x_wconf 86' lang='lat' dir='ltr'><strong>is</strong></span> <span class='ocrx_word' id='word_1_293' title='bbox 958 3180 1023 3234; x_wconf 82' lang='lat' dir='ltr'><strong>rubis</strong></span> <span class='ocrx_word' id='word_1_294' title='bbox 1040 3180 1137 3233; x_wconf 81' lang='lat' dir='ltr'><strong>ruuienr</strong></span> <span class='ocrx_word' id='word_1_295' title='bbox 1152 3180 1302 3245; x_wconf 80' lang='lat' dir='ltr'><strong>d&#39;e&#39;euriute,</strong></span> <span class='ocrx_word' id='word_1_296' title='bbox 1319 3198 1351 3231; x_wconf 83' lang='lat' dir='ltr'><strong>ors</strong></span> <span class='ocrx_word' id='word_1_297' title='bbox 1364 3180 1435 3250; x_wconf 75' lang='lat' dir='ltr'><strong>laque</strong></span> 
     </span>
     <span class='ocr_line' id='line_1_32' title="bbox 365 3258 1094 3333; baseline 0.004 -25"><span class='ocrx_word' id='word_1_298' title='bbox 365 3274 424 3309; x_wconf 81' lang='lat' dir='ltr'><strong>rasa</strong></span> <span class='ocrx_word' id='word_1_299' title='bbox 444 3258 550 3327; x_wconf 88' lang='lat' dir='ltr'><strong>potoria</strong></span> <span class='ocrx_word' id='word_1_300' title='bbox 569 3259 683 3314; x_wconf 78' lang='lat' dir='ltr'><strong>factitata</strong></span> <span class='ocrx_word' id='word_1_301' title='bbox 698 3262 777 3315; x_wconf 73' lang='lat' dir='ltr'><strong>ianae</strong></span> <span class='ocrx_word' id='word_1_302' title='bbox 791 3260 878 3315; x_wconf 87' lang='lat' dir='ltr'><strong>tradat</strong></span> <span class='ocrx_word' id='word_1_303' title='bbox 918 3260 1028 3333; x_wconf 81' lang='lat' dir='ltr'><strong>Indique.</strong></span> <span class='ocrx_word' id='word_1_304' title='bbox 1042 3258 1094 3312; x_wconf 86' lang='lat' dir='ltr'><strong>En.</strong></span> 
     </span>
     <span class='ocr_line' id='line_1_33' title="bbox 365 3334 1429 3407; baseline 0.002 -20"><span class='ocrx_word' id='word_1_305' title='bbox 365 3334 434 3387; x_wconf 77' lang='lat' dir='ltr'><strong>iufra</strong></span> <span class='ocrx_word' id='word_1_306' title='bbox 444 3354 503 3407; x_wconf 80' lang='lat' dir='ltr'><strong>cap.</strong></span> <span class='ocrx_word' id='word_1_307' title='bbox 519 3336 563 3391; x_wconf 81' lang='lat'><strong>30.</strong></span> <span class='ocrx_word' id='word_1_308' title='bbox 577 3338 629 3391; x_wconf 80' lang='lat' dir='ltr'><strong>Eo.</strong></span> <span class='ocrx_word' id='word_1_309' title='bbox 959 3345 986 3394; x_wconf 88' lang='lat'><strong>6.</strong></span> <span class='ocrx_word' id='word_1_310' title='bbox 1001 3340 1038 3391; x_wconf 74' lang='lat' dir='ltr'><strong>Er</strong></span> <span class='ocrx_word' id='word_1_311' title='bbox 1048 3341 1111 3389; x_wconf 79' lang='lat' dir='ltr'><strong>inter</strong></span> <span class='ocrx_word' id='word_1_312' title='bbox 1121 3339 1173 3390; x_wconf 78' lang='lat' dir='ltr'><strong>ias.</strong></span> <span class='ocrx_word' id='word_1_313' title='bbox 1187 3336 1231 3391; x_wconf 87' lang='lat' dir='ltr'><strong>Sic</strong></span> <span class='ocrx_word' id='word_1_314' title='bbox 1238 3336 1316 3390; x_wconf 80' lang='lat' dir='ltr'><strong>MSS.</strong></span> <span class='ocrx_word' id='word_1_315' title='bbox 1326 3352 1429 3399; x_wconf 87' lang='lat' dir='ltr'><strong>omues,</strong></span> 
     </span>
     <span class='ocr_line' id='line_1_34' title="bbox 408 3414 1432 3491; baseline 0.003 -25"><span class='ocrx_word' id='word_1_316' title='bbox 408 3432 434 3468; x_wconf 89' lang='lat' dir='ltr'><strong>a.</strong></span> <span class='ocrx_word' id='word_1_317' title='bbox 455 3416 480 3467; x_wconf 87' lang='lat' dir='ltr'><em>T</em></span> <span class='ocrx_word' id='word_1_318' title='bbox 477 3434 547 3468; x_wconf 81' lang='lat' dir='ltr'><strong>arasa</strong></span> <span class='ocrx_word' id='word_1_319' title='bbox 563 3422 693 3488; x_wconf 78' lang='lat' dir='ltr'><strong>proeeiprsoe</strong></span> <span class='ocrx_word' id='word_1_320' title='bbox 711 3422 809 3489; x_wconf 77' lang='lat' dir='ltr'><strong>gratiss.</strong></span> <span class='ocrx_word' id='word_1_321' title='bbox 833 3419 882 3491; x_wconf 28' lang='lat' dir='ltr'><strong>sio,</strong></span> <span class='ocrx_word' id='word_1_322' title='bbox 919 3437 974 3473; x_wconf 89' lang='lat' dir='ltr'><strong>uon</strong></span> <span class='ocrx_word' id='word_1_323' title='bbox 988 3430 1013 3471; x_wconf 83' lang='lat' dir='ltr'><strong>et</strong></span> <span class='ocrx_word' id='word_1_324' title='bbox 1027 3418 1090 3471; x_wconf 79' lang='lat' dir='ltr'><strong>alies</strong></span> <span class='ocrx_word' id='word_1_325' title='bbox 1110 3420 1216 3482; x_wconf 78' lang='lat' dir='ltr'><strong>insertio,</strong></span> <span class='ocrx_word' id='word_1_326' title='bbox 1234 3429 1267 3469; x_wconf 90' lang='lat' dir='ltr'><strong>ut</strong></span> <span class='ocrx_word' id='word_1_327' title='bbox 1287 3414 1363 3469; x_wconf 89' lang='lat' dir='ltr'><strong>editi.</strong></span> <span class='ocrx_word' id='word_1_328' title='bbox 1381 3414 1432 3468; x_wconf 84' lang='lat' dir='ltr'><strong>Ha·</strong></span> 
     </span>
     <span class='ocr_line' id='line_1_35' title="bbox 366 3494 1431 3569; baseline 0.003 -25"><span class='ocrx_word' id='word_1_329' title='bbox 366 3494 431 3564; x_wconf 75' lang='lat' dir='ltr'><strong>fleg.</strong></span> <span class='ocrx_word' id='word_1_330' title='bbox 448 3512 474 3546; x_wconf 89' lang='lat' dir='ltr'><strong>a.</strong></span> <span class='ocrx_word' id='word_1_331' title='bbox 492 3495 535 3548; x_wconf 87' lang='lat' dir='ltr'><strong>Sic</strong></span> <span class='ocrx_word' id='word_1_332' title='bbox 552 3498 633 3566; x_wconf 87' lang='lat' dir='ltr'><strong>panio</strong></span> <span class='ocrx_word' id='word_1_333' title='bbox 646 3512 739 3564; x_wconf 87' lang='lat' dir='ltr'><strong>autea,</strong></span> <span class='ocrx_word' id='word_1_334' title='bbox 753 3517 814 3569; x_wconf 84' lang='lat' dir='ltr'><strong>cap.</strong></span> <span class='ocrx_word' id='word_1_335' title='bbox 831 3516 877 3563; x_wconf 85' lang='lat' dir='ltr'><strong>as,</strong></span> <span class='ocrx_word' id='word_1_336' title='bbox 919 3499 964 3552; x_wconf 85' lang='lat' dir='ltr'><strong>bet</strong></span> <span class='ocrx_word' id='word_1_337' title='bbox 981 3498 1037 3551; x_wconf 79' lang='lat' dir='ltr'><strong>hae</strong></span> <span class='ocrx_word' id='word_1_338' title='bbox 1051 3515 1159 3569; x_wconf 87' lang='lat' dir='ltr'><strong>quoque</strong></span> <span class='ocrx_word' id='word_1_339' title='bbox 1172 3495 1303 3559; x_wconf 80' lang='lat' dir='ltr'><strong>isidorus,</strong></span> <span class='ocrx_word' id='word_1_340' title='bbox 1321 3496 1373 3547; x_wconf 84' lang='lat' dir='ltr'><strong>loc.</strong></span> <span class='ocrx_word' id='word_1_341' title='bbox 1388 3496 1431 3548; x_wconf 88' lang='lat' dir='ltr'><strong>eit.</strong></span> 
     </span>
     <span class='ocr_line' id='line_1_36' title="bbox 350 3572 1431 3646; baseline 0.003 -21"><span class='ocrx_word' id='word_1_342' title='bbox 350 3588 354 3595; x_wconf 87' lang='lat'><strong>·</strong></span> <span class='ocrx_word' id='word_1_343' title='bbox 369 3572 539 3644; x_wconf 77' lang='lat' dir='ltr'><strong>«smaragdis</strong></span> <span class='ocrx_word' id='word_1_344' title='bbox 558 3588 646 3630; x_wconf 88' lang='lat' dir='ltr'><strong>tamen</strong></span> <span class='ocrx_word' id='word_1_345' title='bbox 664 3577 794 3631; x_wconf 79' lang='lat' dir='ltr'><strong>cedentes.</strong></span> <span class='ocrx_word' id='word_1_346' title='bbox 813 3602 824 3623; x_wconf 80' lang='grc' dir='ltr'><strong>ι</strong></span> <span class='ocrx_word' id='word_1_347' title='bbox 843 3578 876 3629; x_wconf 92' lang='grc' dir='ltr'><strong>Ιιι</strong></span> <span class='ocrx_word' id='word_1_348' title='bbox 920 3576 1043 3641; x_wconf 86' lang='lat' dir='ltr'><strong>Solinus,</strong></span> <span class='ocrx_word' id='word_1_349' title='bbox 1056 3593 1113 3646; x_wconf 82' lang='lat' dir='ltr'><strong>cap.</strong></span> <span class='ocrx_word' id='word_1_350' title='bbox 1125 3594 1183 3639; x_wconf 81' lang='lat' dir='ltr'><strong>arr,</strong></span> <span class='ocrx_word' id='word_1_351' title='bbox 1198 3594 1257 3646; x_wconf 86' lang='lat' dir='ltr'><strong>pag.</strong></span> <span class='ocrx_word' id='word_1_352' title='bbox 1277 3576 1313 3627; x_wconf 79' lang='lat'><strong>82</strong></span> <span class='ocrx_word' id='word_1_353' title='bbox 1330 3596 1337 3625; x_wconf 77' lang='grc' dir='ltr'><strong>ι</strong></span> <span class='ocrx_word' id='word_1_354' title='bbox 1354 3596 1365 3617; x_wconf 78' lang='grc' dir='ltr'><strong>ι</strong></span> <span class='ocrx_word' id='word_1_355' title='bbox 1380 3576 1431 3628; x_wconf 85' lang='lat' dir='ltr'><strong>Du-</strong></span> 
     </span>
     <span class='ocr_line' id='line_1_37' title="bbox 366 3652 1430 3728; baseline 0.001 -24"><span class='ocrx_word' id='word_1_356' title='bbox 366 3652 445 3705; x_wconf 87' lang='lat' dir='ltr'><strong>Coib.</strong></span> <span class='ocrx_word' id='word_1_357' title='bbox 457 3653 487 3717; x_wconf 80' lang='lat'><strong>3,</strong></span> <span class='ocrx_word' id='word_1_358' title='bbox 503 3680 514 3702; x_wconf 77' lang='grc' dir='ltr'><strong>ι</strong></span> <span class='ocrx_word' id='word_1_359' title='bbox 525 3669 582 3709; x_wconf 88' lang='lat' dir='ltr'><strong>tum</strong></span> <span class='ocrx_word' id='word_1_360' title='bbox 592 3657 731 3727; x_wconf 70' lang='lat' dir='ltr'><strong>precipuae</strong></span> <span class='ocrx_word' id='word_1_361' title='bbox 739 3656 846 3727; x_wconf 79' lang='lat' dir='ltr'><strong>gratiae:</strong></span> <span class='ocrx_word' id='word_1_362' title='bbox 861 3681 872 3702; x_wconf 83' lang='grc' dir='ltr'><strong>ι</strong></span> <span class='ocrx_word' id='word_1_363' title='bbox 920 3658 981 3728; x_wconf 75' lang='lat' dir='ltr'><strong>ples</strong></span> <span class='ocrx_word' id='word_1_364' title='bbox 995 3656 1019 3711; x_wconf 92' lang='lat' dir='ltr'><strong>ei</strong></span> <span class='ocrx_word' id='word_1_365' title='bbox 1039 3656 1117 3709; x_wconf 82' lang='lat' dir='ltr'><strong>iacies</strong></span> <span class='ocrx_word' id='word_1_366' title='bbox 1129 3674 1136 3708; x_wconf 91' lang='lat'><strong>:</strong></span> <span class='ocrx_word' id='word_1_367' title='bbox 1150 3668 1195 3708; x_wconf 91' lang='lat' dir='ltr'><strong>aut</strong></span> <span class='ocrx_word' id='word_1_368' title='bbox 1209 3656 1280 3707; x_wconf 90' lang='lat' dir='ltr'><strong>euim</strong></span> <span class='ocrx_word' id='word_1_369' title='bbox 1296 3671 1430 3723; x_wconf 85' lang='lat' dir='ltr'><strong>purpurea</strong></span> 
     </span>
     <span class='ocr_line' id='line_1_38' title="bbox 365 3732 1433 3804; baseline 0.002 -21"><span class='ocrx_word' id='word_1_370' title='bbox 365 3733 439 3801; x_wconf 79' lang='lat' dir='ltr'><strong>qrrasi</strong></span> <span class='ocrx_word' id='word_1_371' title='bbox 459 3752 541 3804; x_wconf 90' lang='lat' dir='ltr'><strong>quum</strong></span> <span class='ocrx_word' id='word_1_372' title='bbox 558 3735 671 3788; x_wconf 80' lang='lat' dir='ltr'><strong>iueerna</strong></span> <span class='ocrx_word' id='word_1_373' title='bbox 684 3734 877 3801; x_wconf 83' lang='lat' dir='ltr'><strong>accenduntur,</strong></span> <span class='ocrx_word' id='word_1_374' title='bbox 921 3736 1015 3789; x_wconf 86' lang='lat' dir='ltr'><strong>emieat</strong></span> <span class='ocrx_word' id='word_1_375' title='bbox 1030 3735 1164 3801; x_wconf 77' lang='lat' dir='ltr'><strong>claritate,</strong></span> <span class='ocrx_word' id='word_1_376' title='bbox 1176 3744 1224 3787; x_wconf 89' lang='lat' dir='ltr'><strong>aut</strong></span> <span class='ocrx_word' id='word_1_377' title='bbox 1239 3734 1368 3787; x_wconf 82' lang='lat' dir='ltr'><strong>meracius</strong></span> <span class='ocrx_word' id='word_1_378' title='bbox 1381 3732 1433 3785; x_wconf 79' lang='lat' dir='ltr'><strong>sui-</strong></span> 
     </span>
     <span class='ocr_line' id='line_1_39' title="bbox 366 3813 1432 3885; baseline 0.001 -23"><span class='ocrx_word' id='word_1_379' title='bbox 366 3822 422 3862; x_wconf 89' lang='lat' dir='ltr'><strong>tum</strong></span> <span class='ocrx_word' id='word_1_380' title='bbox 436 3830 547 3880; x_wconf 82' lang='lat' dir='ltr'><strong>gemmas</strong></span> <span class='ocrx_word' id='word_1_381' title='bbox 557 3814 628 3867; x_wconf 89' lang='lat' dir='ltr'><strong>illius</strong></span> <span class='ocrx_word' id='word_1_382' title='bbox 638 3815 757 3885; x_wconf 82' lang='lat' dir='ltr'><strong>rigorem</strong></span> <span class='ocrx_word' id='word_1_383' title='bbox 768 3814 876 3867; x_wconf 87' lang='lat' dir='ltr'><strong>excitari</strong></span> <span class='ocrx_word' id='word_1_384' title='bbox 921 3814 1044 3868; x_wconf 78' lang='lat' dir='ltr'><strong>funditur</strong></span> <span class='ocrx_word' id='word_1_385' title='bbox 1054 3814 1127 3867; x_wconf 87' lang='lat' dir='ltr'><strong>ooeri</strong></span> <span class='ocrx_word' id='word_1_386' title='bbox 1141 3814 1248 3866; x_wconf 85' lang='lat' dir='ltr'><strong>rubore.</strong></span> <span class='ocrx_word' id='word_1_387' title='bbox 1261 3815 1295 3865; x_wconf 79' lang='lat' dir='ltr'><strong>At</strong></span> <span class='ocrx_word' id='word_1_388' title='bbox 1309 3813 1330 3864; x_wconf 82' lang='lat' dir='ltr'><strong>si</strong></span> <span class='ocrx_word' id='word_1_389' title='bbox 1343 3832 1432 3867; x_wconf 86' lang='lat' dir='ltr'><strong>exean-</strong></span> 
     </span>
     <span class='ocr_line' id='line_1_40' title="bbox 366 3888 1432 3960; baseline 0 -19"><span class='ocrx_word' id='word_1_390' title='bbox 366 3888 502 3960; x_wconf 76' lang='lat' dir='ltr'><strong>significet.</strong></span> <span class='ocrx_word' id='word_1_391' title='bbox 519 3893 585 3957; x_wconf 84' lang='lat' dir='ltr'><strong>Quas</strong></span> <span class='ocrx_word' id='word_1_392' title='bbox 605 3912 679 3948; x_wconf 90' lang='lat' dir='ltr'><strong>meus</strong></span> <span class='ocrx_word' id='word_1_393' title='bbox 696 3892 791 3946; x_wconf 85' lang='lat' dir='ltr'><strong>Isidori</strong></span> <span class='ocrx_word' id='word_1_394' title='bbox 807 3905 876 3947; x_wconf 85' lang='lat' dir='ltr'><strong>certe</strong></span> <span class='ocrx_word' id='word_1_395' title='bbox 919 3890 1313 3955; x_wconf 83' lang='lat' dir='ltr'><strong>dnitradiissolisincita,reied</strong></span> <span class='ocrx_word' id='word_1_396' title='bbox 1320 3892 1432 3945; x_wconf 79' lang='lat' dir='ltr'><strong>ualerem</strong></span> 
     </span>
     <span class='ocr_line' id='line_1_41' title="bbox 367 3969 1431 4045; baseline 0.003 -27"><span class='ocrx_word' id='word_1_397' title='bbox 367 3969 500 4035; x_wconf 80' lang='lat' dir='ltr'><strong>nonfuit,</strong></span> <span class='ocrx_word' id='word_1_398' title='bbox 517 3973 593 4042; x_wconf 83' lang='lat' dir='ltr'><strong>cujus</strong></span> <span class='ocrx_word' id='word_1_399' title='bbox 608 3973 688 4025; x_wconf 81' lang='lat' dir='ltr'><strong>rerba</strong></span> <span class='ocrx_word' id='word_1_400' title='bbox 699 3974 821 4042; x_wconf 84' lang='lat' dir='ltr'><strong>proxime</strong></span> <span class='ocrx_word' id='word_1_401' title='bbox 833 3992 875 4025; x_wconf 86' lang='lat' dir='ltr'><strong>re·</strong></span> <span class='ocrx_word' id='word_1_402' title='bbox 920 3972 1065 4045; x_wconf 87' lang='lat' dir='ltr'><strong>digitorum</strong></span> <span class='ocrx_word' id='word_1_403' title='bbox 1085 3973 1177 4026; x_wconf 89' lang='lat' dir='ltr'><strong>attritu</strong></span> <span class='ocrx_word' id='word_1_404' title='bbox 1194 3971 1305 4024; x_wconf 84' lang='lat' dir='ltr'><strong>excitata</strong></span> <span class='ocrx_word' id='word_1_405' title='bbox 1318 3984 1375 4035; x_wconf 82' lang='lat' dir='ltr'><strong>est,</strong></span> <span class='ocrx_word' id='word_1_406' title='bbox 1387 3982 1431 4021; x_wconf 88' lang='lat' dir='ltr'><strong>ant</strong></span> 
     </span>
     <span class='ocr_line' id='line_1_42' title="bbox 367 4046 1432 4123; baseline 0.004 -27"><span class='ocrx_word' id='word_1_407' title='bbox 367 4046 477 4100; x_wconf 86' lang='lat' dir='ltr'><strong>tulimus</strong></span> <span class='ocrx_word' id='word_1_408' title='bbox 494 4067 501 4102; x_wconf 78' lang='grc' dir='ltr'><strong>ι</strong></span> <span class='ocrx_word' id='word_1_409' title='bbox 519 4061 547 4101; x_wconf 87' lang='lat' dir='ltr'><strong>at</strong></span> <span class='ocrx_word' id='word_1_410' title='bbox 559 4051 610 4103; x_wconf 79' lang='lat' dir='ltr'><strong>fuit</strong></span> <span class='ocrx_word' id='word_1_411' title='bbox 628 4052 724 4116; x_wconf 83' lang='lat' dir='ltr'><strong>solini,</strong></span> <span class='ocrx_word' id='word_1_412' title='bbox 741 4070 802 4121; x_wconf 84' lang='lat' dir='ltr'><strong>cap.</strong></span> <span class='ocrx_word' id='word_1_413' title='bbox 819 4070 875 4115; x_wconf 80' lang='lat' dir='ltr'><strong>urs,</strong></span> <span class='ocrx_word' id='word_1_414' title='bbox 920 4054 1054 4123; x_wconf 89' lang='lat' dir='ltr'><strong>palearum</strong></span> <span class='ocrx_word' id='word_1_415' title='bbox 1069 4070 1153 4116; x_wconf 79' lang='lat' dir='ltr'><strong>uasta,</strong></span> <span class='ocrx_word' id='word_1_416' title='bbox 1166 4062 1212 4103; x_wconf 90' lang='lat' dir='ltr'><strong>aut</strong></span> <span class='ocrx_word' id='word_1_417' title='bbox 1224 4050 1377 4103; x_wconf 87' lang='lat' dir='ltr'><strong>chartarum</strong></span> <span class='ocrx_word' id='word_1_418' title='bbox 1390 4048 1432 4101; x_wconf 78' lang='lat' dir='ltr'><strong>fita</strong></span> 
     </span>
     <span class='ocr_line' id='line_1_43' title="bbox 368 4129 1289 4203; baseline 0.002 -22"><span class='ocrx_word' id='word_1_419' title='bbox 368 4142 427 4194; x_wconf 66' lang='lat' dir='ltr'><strong>pag.</strong></span> <span class='ocrx_word' id='word_1_420' title='bbox 442 4130 477 4181; x_wconf 79' lang='lat' dir='ltr'><strong>ts</strong></span> <span class='ocrx_word' id='word_1_421' title='bbox 492 4146 499 4180; x_wconf 94' lang='lat'>:</span> <span class='ocrx_word' id='word_1_422' title='bbox 515 4154 527 4176; x_wconf 80' lang='grc' dir='ltr'><strong>ι</strong></span> <span class='ocrx_word' id='word_1_423' title='bbox 539 4129 690 4199; x_wconf 76' lang='lat' dir='ltr'><strong>Lychniten</strong></span> <span class='ocrx_word' id='word_1_424' title='bbox 704 4130 816 4203; x_wconf 80' lang='lat' dir='ltr'><strong>perinde</strong></span> <span class='ocrx_word' id='word_1_425' title='bbox 825 4130 877 4184; x_wconf 79' lang='lat' dir='ltr'><strong>sert</strong></span> <span class='ocrx_word' id='word_1_426' title='bbox 899 4156 902 4165; x_wconf 89' lang='lat'><em>·</em></span> <span class='ocrx_word' id='word_1_427' title='bbox 921 4130 954 4185; x_wconf 85' lang='lat' dir='ltr'><strong>ad</strong></span> <span class='ocrx_word' id='word_1_428' title='bbox 965 4150 992 4185; x_wconf 90' lang='lat' dir='ltr'><strong>se</strong></span> <span class='ocrx_word' id='word_1_429' title='bbox 1004 4131 1088 4202; x_wconf 86' lang='lat' dir='ltr'><strong>rapit,</strong></span> <span class='ocrx_word' id='word_1_430' title='bbox 1104 4143 1155 4185; x_wconf 82' lang='lat' dir='ltr'><strong>eto.</strong></span> <span class='ocrx_word' id='word_1_431' title='bbox 1169 4156 1181 4179; x_wconf 77' lang='grc' dir='ltr'><strong>ι</strong></span> <span class='ocrx_word' id='word_1_432' title='bbox 1197 4129 1289 4183; x_wconf 83' lang='lat' dir='ltr'><strong>IIaau.</strong></span> 
     </span>
    </p>
   </div>
   <div class='ocr_carea' id='block_1_4' title="bbox 0 0 1559 5125">
    <p class='ocr_par' dir='ltr' id='par_1_4' title="bbox 0 0 1559 5125">
     <span class='ocr_line' id='line_1_44' title="bbox 0 0 1559 5125; baseline 0 0"><span class='ocrx_word' id='word_1_433' title='bbox 0 0 1559 5125; x_wconf 95' lang='lat' dir='ltr'><strong> </strong></span> 
     </span>
    </p>
   </div>
  </div>
 </body>
</html>
