3100 5125
367 513 436 612 592
637 517 675 583 c.
703 511 1144 614 persuasumst.

365 650 522 719 advectos
541 648 708 742 primum,
730 670 815 739 quos
835 648 945 716 Graeci
968 662 1115 718 macatos
1142 635 1345 719 vocabant⁵⁸
1348 653 1437 720 .Fa-

364 780 454 824 mam
476 780 524 824 rer
515 754 653 823 fecere
671 753 832 847 proximae
850 754 1052 838 Pannoniae,
1068 753 1102 822 id
1125 756 1326 885 accipientes
1347 759 1438 826 circa
1547 807 1548 810 ,

366 885 458 930 mare
467 860 681 928 Adriaticum
692 857 783 926 Pado
793 882 1016 926 veroannexae
1028 857 1146 928 iabuloe
1156 847 1314 930 videtur
1324 886 1436 946 causa,

365 967 530 1087 hodieque
547 964 859 1059 Transpadanorum
877 964 1062 1058 agrestibus
1074 951 1223 1036 feminis⁶
1224 965 1436 1054 ⁰,monilium

367 1075 440 1142 vioe
461 1072 595 1141 succina
612 1069 837 1164 gestantibus,
861 1072 1003 1139 maxime
1025 1069 1152 1140 decoris
1170 1073 1294 1166 gratia,
1325 1075 1383 1142 sed
1403 1089 1437 1143 et

367 1163 570 1248 medicinae⁶¹
584 1176 740 1271 :quando
754 1174 892 1245 tonsillis
907 1176 1052 1245 creditur
1063 1191 1229 1264 resistere
1241 1192 1274 1247 et
1288 1177 1435 1249 faucium
1547 1223 1548 1228 κ

267 1325 272 1333 ν
367 1285 472 1370 vitiis,
490 1284 582 1352 vario
601 1307 721 1412 genere
736 1267 920 1376 ιιιιιιιιιιιιιι6
922 1281 1040 1376 'juxta
1058 1282 1233 1352 infestante
1246 1299 1383 1378 guttura
1397 1310 1436 1355 ac

318 1409 350 1462 ιι
368 1391 493 1458 vicinas
512 1375 667 1459 cames⁶.
646 1375 853 1457 ³Sescentis
872 1388 939 1457 fere
952 1413 981 1460 ιιι
997 1413 1081 1482 pass.
1096 1344 1338 1458 aCarnunto⁶⁴
1352 1393 1435 1460 Pan·

369 1497 475 1566 noniae
495 1496 589 1564 abest
609 1494 700 1564 littus
722 1493 755 1562 id
780 1497 981 1612 Germania»,
1004 1520 1044 1563 ex
1065 1520 1131 1588 quo
1149 1497 1335 1580 invehitur,
1357 1523 1435 1592 per-

367 1603 537 1698 cognitum
556 1625 673 1695 nuper.
694 1600 787 1670 Vidit
816 1601 902 1668 enim
929 1625 1029 1695 eques
1056 1625 1226 1686 romanus,
1256 1604 1377 1672 missus
1395 1603 1436 1672 ad

367 1708 401 1777 id
421 1705 682 1826 comparandum
701 1730 720 1773 a
734 1704 868 1776 iuliano
882 1721 1018 1776 curante
1031 1693 1307 1825 gladiatorium⁶⁵
1314 1733 1436 1779 munus

367 1815 511 1883 Neronis
536 1813 708 1909 principis,
736 1813 793 1905 qui
825 1811 897 1880 haec
919 1814 1117 1882 commercia
1143 1827 1178 1881 et
1202 1812 1316 1883 littora
1342 1839 1435 1910 pera·

367 1922 492 2015 gravit,
506 1933 597 1988 tanta
610 1920 705 2013 eopia
719 1919 869 2004 invecta,
891 1932 929 1986 ut
944 1920 1025 1987 retia
1041 1919 1190 1989 arcendis
1202 1918 1279 1988 feris
1298 1921 1435 2015 podium

368 2027 574 2120 protegentia
600 2026 735 2093 succino
763 1971 1026 2094 nodaientur⁶⁶z
1018 2049 1145 2093 ·arma
1171 2051 1274 2110 vero,
1301 2042 1337 2097 et
1366 2026 1434 2096 libi·

410 2252 457 2305 58.
477 2249 588 2302 Masatos
611 2248 740 2299 aocahnt.
762 2248 880 2320 Maiores
923 2248 1435 2326 nivalium,quaaexsummisAlpiumju·

368 2329 469 2383 succim
493 2329 598 2398 glebas,
626 2327 667 2379 rel
694 2327 879 2397 pretiosiores,
923 2328 962 2400 gis
976 2328 1081 2399 liquatae
1089 2346 1151 2382 curu
1164 2331 1288 2384 amnibus
1301 2333 1436 2386 corrivan-

369 2410 497 2481 pesicsae.
511 2408 603 2460 Ηιιιιι.
924 2421 976 2461 tur.
998 2407 1066 2461 Inde
1086 2412 1193 2462 strumis
1207 2429 1300 2463 eorum
1312 2413 1434 2466 'amnium

410 2489 458 2558 59.
474 2489 585 2541 Annona
593 2486 685 2550 sabaia
695 2485 880 2540 videtarraasa.
924 2487 1021 2540 accola
1037 2501 1197 2559 putoresque
1210 2492 1331 2544 obnoxii.
1348 2491 1434 2547 titan.

368 2569 453 2623 sotini
466 2566 649 2640 paraphrasis,
661 2585 719 2638 cap.
733 2586 781 2631 xx,
790 2586 819 2638 p.
831 2574 881 2633 4ο,
965 2566 1011 2620 63.
1024 2570 1065 2639 Ae
1081 2572 1171 2621 uicinas
1183 2590 1277 2623 earnes.
1292 2571 1388 2627 Nullus
1401 2586 1436 2626 est

369 2648 403 2702 de
424 2649 532 2702 succino
548 2665 579 2700 ι·
595 2648 712 2699 Pretium
736 2664 825 2717 opere
843 2660 882 2700 est
924 2666 940 2699 e
952 2645 1028 2701 MSS.
1042 2645 1179 2701 codicibus
1194 2651 1239 2722 qui
1256 2650 1386 2705 Salmasio
1399 2653 1435 2705 fa·

369 2724 882 2798 irelongius,nePadautesilreeredan·
924 2739 998 2791 reat,
1012 2727 1046 2780 ita
1063 2728 1181 2798 legenti:
1200 2755 1213 2775 e
1231 2730 1312 2782 Juxta
1326 2731 1359 2783 iis
1373 2733 1435 2785 inie-

370 2822 415 2861 tur
425 2806 541 2878 lapidem
555 2796 666 2858 flevisse.
679 2806 756 2859 llaue
767 2806 881 2877 speciem
923 2817 1170 2877 stanteguttura,ac
1180 2809 1434 2864 sictonensis-tt

369 2887 399 2939 in
423 2887 561 2956 Illyricum
589 2885 695 2937 barbari
718 2886 883 2952 intulerunt,
965 2890 1011 2950 ut.
1035 2886 1169 2940 Carnunto.
1188 2888 1319 2942 Carnunti
1342 2890 1434 2943 rudera

369 2985 429 3039 quar
439 2984 522 3038 quum
533 2983 581 3035 pes
592 2966 743 3018 Pannonioa
755 2984 884 3017 commer-
925 2962 1012 3019 adbuc
1025 2964 1151 3019 ridentur
1166 2968 1235 3020 inter
1247 2967 1396 3040 Hombaarg
1410 2982 1435 3023 et

369 3048 410 3100 cia
430 3064 478 3099 usa
493 3042 529 3097 ad
543 3044 746 3116 Transpadanos
760 3044 882 3097 homines
925 3045 1052 3099 Petroneb.
1065 3048 1147 3099 Buor.

369 3126 439 3180 foret
459 3124 600 3189 devoluta,
618 3122 692 3195 qaod
711 3123 748 3176 ibi
763 3122 881 3194 primurn
965 3124 1011 3178 65.
1026 3125 1205 3178 Gladiatorium
1214 3145 1308 3178 marnas.
1318 3126 1400 3192 Quod
1410 3130 1435 3180 in

368 3205 454 3258 nostri
474 3202 610 3268 viderant,
631 3203 669 3255 ibi
688 3203 767 3256 etiarn
789 3215 881 3256 uatum
926 3204 1122 3275 amphitheatro
1146 3205 1250 3276 ligneo,
1275 3206 1303 3259 iu
1331 3208 1436 3278 regione

369 3296 537 3356 putaverunt.
551 3308 563 3331 ι
580 3282 671 3335 liano.
925 3284 1014 3335 Martii
1037 3285 1124 3355 campi
1145 3284 1214 3337 iutra
1236 3286 1299 3338 enni
1322 3288 1434 3357 spatium

410 3367 454 3418 60.
486 3362 715 3431 Transpadanorum
747 3362 882 3432 agrestibus
924 3363 1052 3416 fabricato
1075 3362 1158 3417 dedit.
1179 3364 1323 3417 Suetonius
1336 3366 1365 3417 in
1384 3366 1435 3418 Ne·

364 3443 472 3511 j'erninr's.
481 3442 524 3495 Sic
536 3442 614 3495 MSS.
624 3460 679 3495 non
693 3442 883 3512 Trampodarra·
924 3462 1005 3506 rone,
1019 3460 1079 3512 cap.
1091 3462 1143 3495 xrr.
1156 3444 1249 3497 Ηιιιιι.

369 3544 431 3577 rara.
454 3520 591 3586 Isidorus,
617 3521 694 3592 Orig.
721 3522 768 3573 lib.
796 3522 878 3582 XVI,
966 3525 1012 3573 66.
1030 3522 1063 3574 tls
1073 3526 1133 3575 retia
1147 3523 1256 3575 arcendas
1261 3523 1326 3590 ,feris
1339 3524 1435 3593 podian

369 3593 427 3675 obp.
443 3605 460 3657 8
476 3623 482 3653 ι
501 3603 548 3653 ιΕ
568 3600 675 3654 succino
690 3600 759 3653 liunt
778 3598 882 3653 decoris
922 3605 1072 3671 protegentia
1093 3605 1194 3655 succinis
1219 3616 1362 3655 notarentur
1383 3601 1436 3665 (aie

265 3710 270 3718 ·
369 3683 452 3753 gratia
466 3681 606 3752 agrestium
621 3681 780 3733 feminarum
795 3678 880 3731 moui·
925 3678 1028 3751 prius).
1054 3682 1147 3753 Lege:
1166 3688 1261 3733 sacerna
1282 3684 1434 3735 nodaremae.

370 3763 438 3815 lia.
456 3760 572 3813 Ovidius
589 3778 668 3831 supra
684 3756 821 3824 laudatus,
837 3776 880 3811 rta-
928 3763 1008 3813 Arma
1023 3763 1113 3815 omnia
1129 3760 1299 3830 gladiatoria,
1314 3774 1341 3814 et
1353 3781 1436 3815 rasae

369 3842 434 3894 ribas
449 3840 567 3909 gestanda
585 3841 687 3891 Latinis.
704 3839 794 3890 Ηιιιιι.
926 3840 1227 3911 ludoeompositaerant
1238 3841 1355 3895 succino.
1365 3842 1435 3893 Retia

410 3925 457 3975 61.
475 3920 527 3973 Sat
541 3932 566 3972 et
584 3919 714 3971 medietate.
727 3915 797 3971 Vide
814 3916 883 3969 Mat·
926 3938 1008 4013 porro
1027 3938 1086 3991 quae
1109 3919 1221 3991 podium
1247 3922 1435 3991 protegebant,

369 3999 503 4053 tbioium
496 4020 523 4053 m
537 3988 626 4053 Diosc.
640 3998 688 4051 lib.
703 3998 732 4061 1,
748 4016 808 4067 cap.
826 3996 880 4065 93,
926 4000 1035 4053 succino
1056 4012 1130 4052 erant
1144 3996 1280 4060 nodatas
1273 4020 1291 4052 ι.
1310 4019 1334 4053 e
1351 3999 1435 4053 nodos

368 4079 616 4150 pag.139.l1arto.
924 4077 1087 4131 habebante
1107 4079 1232 4142 auoeiao,
1249 4080 1291 4132 rel
1310 4080 1370 4132 loro
1389 4098 1435 4131 no·

409 4161 457 4212 6².
472 4160 713 4230 Vario...aqaararn·
730 4157 879 4211 Praesertim
924 4156 1021 4211 dorum
1040 4158 1192 4213 succinum:
1209 4158 1300 4211 nodosa
1316 4163 1377 4212 retia
1389 4158 1434 4211 Ti·
1547 4162 1548 4169 ’
