3100 5125
361 521 430 607 504
630 524 668 590 C.
695 521 858 590 PLINII
883 523 988 590 NAT.
1015 523 1144 590 nlsT.

360 657 465 724 causis
486 654 596 747 operis
603 640 626 678 ²³
639 677 647 720 :
662 652 795 746 pulsant
812 655 914 722 ruinae
932 667 1049 747 sponte
1067 641 1270 746 praecipites,
1284 667 1344 721 aut
1362 654 1418 720 im·

359 773 465 855 pactae
486 757 645 828 incendiis
666 784 673 825 :
693 760 842 851 quatitur
862 757 966 828 solum
991 773 1088 826 terrae
1105 758 1248 826 motibus
1270 782 1276 824 :
1299 757 1421 828 durant

360 881 472 934 tamen
487 889 508 932 a
520 865 698 957 Tarquinio
719 865 831 932 Prisco
851 866 944 932 annis
961 886 1049 934 noco
1058 857 1082 898 ²⁴
1096 887 1199 958 prope
1214 863 1418 957 inexpugna-

362 969 443 1038 biles
458 993 466 1035 :
481 993 550 1037 uon
566 968 752 1037 omittendo
768 967 973 1038 memorabili
994 968 1162 1063 exemplo,
1177 967 1229 1037 vel
1245 993 1285 1038 eo
1299 971 1419 1063 magis,

361 1075 518 1168 quoniam
531 1074 752 1142 celeberrimis
769 1098 880 1142 rerum
903 1073 1127 1143 conditoribus
1138 1065 1162 1102 ²⁵
1177 1076 1334 1143 omissum
1351 1089 1419 1142 est:

362 1203 465 1273 quum
482 1179 515 1248 id
532 1205 615 1273 opus
629 1180 826 1272 Tarquinius
840 1181 970 1248 Priscus
988 1179 1091 1273 plebis
1110 1179 1262 1248 manibus
1282 1180 1421 1261 laceret,

293 1327 298 1332 -
363 1300 512 1378 essetque
531 1284 627 1354 labor
646 1286 809 1354 incertum
833 1284 964 1377 longior
986 1307 1029 1352 an
1055 1284 1279 1379 periculosior,
1302 1285 1421 1378 passim

364 1392 509 1460 conscita
524 1379 647 1475 nece²⁶,
661 1390 847 1478 Quiritibus
866 1389 998 1458 taedium
1016 1390 1233 1484 fugientibus,
1253 1413 1378 1458 novum
1393 1403 1424 1457 et

363 1497 619 1590 inexcogitatum
649 1510 746 1563 antea
775 1509 954 1589 posteaque
985 1495 1165 1564 remedium
1199 1495 1355 1563 iuvenit'⁷
1373 1493 1425 1562 ille

365 1626 439 1688 rex3
461 1615 498 1668 ut
512 1603 660 1669 omnium
675 1602 727 1696 ita⁴
737 1599 969 1670 defunctorum
990 1601 1106 1694 figeret
1121 1601 1273 1669 crucibus
1286 1623 1424 1693 corpora

365 1706 544 1801 spectanda
558 1707 702 1789 civibus,
716 1704 860 1774 simulet
875 1705 957 1774 seris
969 1705 1222 1800 volucribusque
1237 1705 1423 1788 laceranda.

332 1834 348 1882 6
366 1811 592 1900 Quamobrem
612 1810 720 1905 pudor
741 1837 825 1880 rom.
843 1812 983 1880 nominis
1000 1813 1167 1906 proprius,
1190 1813 1245 1904 qui
1265 1836 1352 1904 saepe
1377 1837 1433 1912 res

366 1917 513 2011 perditas
533 1919 678 1985 servavit
702 1919 735 1984 in
758 1916 895 2011 praeliis,
921 1930 1000 1985 tunc
1021 1942 1152 2011 quoque
1176 1917 1351 2001 subvenit3
1372 1917 1426 1984 sed

368 2020 424 2090 illo
450 2013 632 2115 tempore'⁸
651 2024 824 2115 imposuit,
847 2022 916 2114 jam
937 2022 1146 2109 erubescens,
1168 2047 1270 2116 quum
1290 2021 1427 2116 puderet

367 2130 476 2211 vivos,
488 2141 655 2221 tamquam
670 2127 861 2220 puditurum
876 2143 960 2194 esset
974 2131 1160 2198 exstinctos.
1170 2125 1427 2221 Amplitudiuem

369 2235 461 2300 cavis
476 2257 549 2300 eam
567 2232 683 2302 fecisse
696 2233 859 2327 proditur,
874 2246 911 2300 ut
926 2234 1043 2302 vehem
1065 2234 1160 2302 seni²⁹
1174 2232 1263 2326 large
1277 2245 1428 2300 onustam

369 2351 614 2406 transmitteret.

413 2494 882 2566 23.Causisoperis.lteldSS.omnes,
923 2494 1431 2569 sultillispudor,ipsejamerubescens,

371 2575 468 2627 frustra
476 2576 639 2629 rescribente
648 2578 754 2630 Reines.
765 2578 793 2629 in
801 2578 881 2630 Vurr.
923 2595 1005 2648 quum
1022 2578 1057 2629 ob
1072 2596 1128 2628 eam
1141 2594 1197 2629 rem
1213 2574 1328 2646 puderet
1341 2576 1427 2634 vivos,

371 2655 455 2706 Lectt·
468 2654 514 2705 lib.
527 2656 571 2718 11,
587 2673 645 2725 cap.
660 2676 688 2725 7,
700 2674 727 2726 p.
742 2658 806 2725 175,
819 2659 883 2707 cavis
924 2654 1016 2726 quod,
1032 2666 1062 2707 ut
1077 2652 1184 2726 quidem
1199 2656 1337 2717 rebantur,
1355 2652 1430 2725 pudi-

373 2736 450 2803 operis
465 2753 475 2786 :
488 2751 638 2803 quanquam
659 2748 686 2788 et
706 2753 781 2787 cevas
805 2736 883 2787 fuisse
925 2748 1014 2787 turum
1029 2746 1095 2787 esset
1108 2735 1257 2787 exstinctos.
1271 2732 1361 2785 liano.

373 2812 474 2865 cloacas
489 2830 537 2882 per
553 2831 580 2865 se
596 2813 658 2866 satis
674 2814 839 2885 intelligitur,
858 2826 884 2866 et
968 2832 1011 2881 ²9·
1030 2814 1064 2865 Ut
1086 2814 1164 2865 veliem
1180 2814 1242 2880 seni.
1266 2810 1388 2864 Prodidit
1406 2809 1432 2863 id

374 2909 436 2943 mox
447 2910 463 2942 a
475 2891 562 2943 Plinio
574 2910 699 2944 carorum
710 2894 820 2945 istorum
830 2910 885 2944 sm·
925 2911 1032 2963 quoqne
1047 2894 1157 2958 Strabo,
1169 2892 1218 2944 lib.
1232 2894 1268 2955 V,
1286 2910 1350 2961 pag.
1369 2892 1432 2944 23⁵.

374 2967 479 3039 plitudo
494 2968 663 3024 describitur.
677 2972 768 3025 liano.
926 2972 1087 3034 Maelianus,
1101 2971 1148 3041 qui
1164 2970 1299 3022 dimensus
1316 2983 1370 3034 est,
1388 2986 1433 3040 pe·

418 3057 463 3113 ²4·
479 3049 559 3101 Acriis
570 3049 677 3103 DCCC.
689 3051 763 3103 Brot.
775 3070 807 3104 ex
818 3052 885 3121 Reg.
926 3049 991 3102 durn
1005 3049 1116 3102 sedecim
1134 3048 1300 3102 latitudinem
1319 3068 1346 3101 se
1360 3066 1434 3119 repe·

376 3124 440 3180 cod.
462 3128 491 3190 5,
506 3131 575 3179 anais
585 3148 661 3199 prope
672 3133 843 3200 septingentis,
860 3142 886 3181 et
927 3130 992 3181 risse
1011 3129 1055 3181 uit.
1077 3130 1166 3193 Quum
1191 3128 1242 3180 boc
1263 3140 1350 3181 autem
1369 3146 1434 3197 opus

376 3205 549 3259 stellarum
565 3208 649 3277 priori
662 3228 709 3261 ena
726 3208 885 3262 edit.Gron.
927 3208 1063 3278 Tarquinii
1087 3211 1139 3277 jum
1161 3206 1267 3259 durasse
1288 3206 1366 3259 aunis
1385 3224 1434 3275 7⁰⁰

377 3298 404 3338 et
412 3285 458 3338 Al.
469 3288 539 3337 anub
548 3286 651 3339 DCCC
656 3306 739 3357 prope.
753 3290 805 3340 En.
928 3286 1029 3339 Plinius
1044 3298 1163 3350 testatur,
1175 3305 1257 3355 quum
1271 3286 1327 3338 haee
1340 3284 1436 3336 scribe·

420 3367 466 3417 25.
481 3366 568 3417 nerum
578 3366 747 3419 meditatibus
761 3366 888 3419 Historia·
927 3377 981 3429 ret,
996 3366 1047 3417 hoc
1056 3378 1106 3429 est,
1120 3384 1189 3418 urano
1203 3364 1285 3419 Urbis
1300 3363 1371 3428 830,
1384 3382 1435 3415 ma-

377 3461 447 3496 rum.
460 3444 550 3495 liano.
928 3445 1021 3497 nitesce
1032 3442 1145 3504 iudicat,
1157 3456 1272 3514 empnam
1284 3442 1376 3496 saltem
1388 3442 1437 3495 hoc

420 3520 889 3578 26.Conscitanece.Voluntariumon
929 3542 997 3593 opus
1011 3542 1026 3575 a
1042 3523 1190 3592 Tarquinio
1205 3523 1284 3575 luisse
1297 3540 1368 3576 anno
1386 3522 1435 3573 Ur·

379 3615 405 3654 te
416 3602 539 3671 quesita,
550 3599 631 3654 taedio
643 3602 741 3671 operis.
755 3604 847 3654 Hann.
929 3602 971 3655 bis
988 3602 1056 3666 130,
1073 3618 1102 3655 ac
1122 3600 1236 3671 proinde
1258 3620 1369 3672 regnare
1390 3620 1438 3652 roe-

420 3699 466 3749 ²7·
478 3680 615 3732 Remedium
626 3684 723 3732 invenit.
735 3682 826 3733 Refert
837 3682 889 3733 hoc
930 3681 998 3752 pisse
1013 3698 1072 3732 eum
1081 3679 1185 3741 circiter
1197 3681 1333 3733 ineuntem
1342 3698 1438 3734 anuum

379 3777 487 3830 quoque
494 3760 632 3828 Tarquinii
645 3760 744 3811 lactum
755 3778 786 3811 ex
799 3760 888 3813 Cassio
931 3760 1012 3812 Urbis
1033 3761 1095 3813 128.
1117 3759 1175 3811 Nou
1195 3760 1260 3811 obiit
1277 3770 1366 3811 autem
1383 3770 1439 3810 ante

379 3838 491 3891 Hemina
511 3839 625 3893 Servius.
650 3838 741 3891 Simile
761 3838 889 3909 estquod
932 3856 1028 3890 annum
1048 3838 1130 3890 Urbis
1149 3837 1261 3901 183,ut
1278 3837 1395 3890 diximus
1408 3833 1438 3887 ad

380 3917 414 3970 de
433 3913 542 3969 Milesiis
567 3916 713 3986 virginibus
739 3917 842 3971 Gellius
861 3930 889 3970 et
932 3917 978 3969 lib.
992 3918 1054 3983 XV,
1068 3934 1125 3987 cap.
1141 3916 1385 3987 1.1giturregnavit
1395 3934 1439 3967 au-

379 3995 536 4048 Plutarchus
554 4007 677 4059 narrent,
700 3996 824 4050 omnibus
839 4016 889 4050 no·
933 4014 981 4048 noe
996 3999 1042 4062 56,
1057 3996 1121 4048 vixit
1134 4014 1215 4048 annos
1228 3998 1281 4060 86,
1296 3996 1317 4048 si
1331 4012 1438 4065 regnum

381 4087 446 4127 turn.
463 4074 554 4126 Henn.
933 4076 1048 4145 suscepit
1060 4094 1142 4127 runos
1155 4087 1244 4140 natus,
1258 4085 1288 4127 ut
1300 4071 1437 4127 verisimile

423 4154 469 4206 ²8.
484 4151 535 4204 Sed
547 4153 589 4203 illo
605 4166 715 4224 tempore.
735 4152 787 4207 Sed
804 4154 890 4224 impo·
933 4166 984 4220 est,
1002 4154 1137 4209 tricenos:
1161 4155 1202 4207 vel
1225 4173 1272 4224 91,
1295 4153 1317 4206 si
1339 4150 1440 4222 triginta
