<?xml version="1.0" encoding="UTF-8"?>
<!DOCTYPE html PUBLIC "-//W3C//DTD XHTML 1.0 Transitional//EN"
    "http://www.w3.org/TR/xhtml1/DTD/xhtml1-transitional.dtd">
<html xmlns="http://www.w3.org/1999/xhtml" xml:lang="en" lang="en">
 <head>
  <title>
</title>
<meta http-equiv="Content-Type" content="text/html;charset=utf-8" />
  <meta name='ocr-system' content='tesseract 3.04.00' />
  <meta name='ocr-capabilities' content='ocr_page ocr_carea ocr_par ocr_line ocrx_word'/>
</head>
<body>
  <div class='ocr_page' id='page_1' title='image "./caiipliniisecun00hardgoog_0238.png"; bbox 0 0 3100 5125; ppageno 0'>
   <div class='ocr_carea' id='block_1_1' title="bbox 317 494 1109 572">
    <p class='ocr_par' dir='ltr' id='par_1_1' title="bbox 317 494 1109 572">
     <span class='ocr_line' id='line_1_1' title="bbox 317 494 1109 572; baseline -0.014 1"><span class='ocrx_word' id='word_1_1' title='bbox 317 499 388 572; x_wconf 78' lang='lat'><strong>230</strong></span> <span class='ocrx_word' id='word_1_2' title='bbox 588 499 627 565; x_wconf 90' lang='lat' dir='ltr'><strong>C.</strong></span> <span class='ocrx_word' id='word_1_3' title='bbox 653 495 821 566; x_wconf 84' lang='lat' dir='ltr'><strong>PLINII</strong></span> <span class='ocrx_word' id='word_1_4' title='bbox 845 495 950 564; x_wconf 80' lang='lat' dir='ltr'><strong>NAT.</strong></span> <span class='ocrx_word' id='word_1_5' title='bbox 978 494 1109 562; x_wconf 86' lang='lat' dir='ltr'><strong>HIS&#39;l.</strong></span> 
     </span>
    </p>
   </div>
   <div class='ocr_carea' id='block_1_2' title="bbox 281 623 1376 1361">
    <p class='ocr_par' dir='ltr' id='par_1_2' title="bbox 281 623 1376 1361">
     <span class='ocr_line' id='line_1_2' title="bbox 315 623 1376 753; baseline -0.008 -51"><span class='ocrx_word' id='word_1_6' title='bbox 315 659 384 704; x_wconf 91' lang='lat' dir='ltr'><strong>non</strong></span> <span class='ocrx_word' id='word_1_7' title='bbox 403 634 439 701; x_wconf 90' lang='lat' dir='ltr'><strong>in</strong></span> <span class='ocrx_word' id='word_1_8' title='bbox 461 630 532 700; x_wconf 87' lang='lat' dir='ltr'><strong>aliis</strong></span> <span class='ocrx_word' id='word_1_9' title='bbox 554 627 710 714; x_wconf 75' lang='lat' dir='ltr'><strong>metallis,</strong></span> <span class='ocrx_word' id='word_1_10' title='bbox 736 652 756 697; x_wconf 92' lang='lat' dir='ltr'><strong>a</strong></span> <span class='ocrx_word' id='word_1_11' title='bbox 781 626 970 722; x_wconf 84' lang='lat' dir='ltr'><strong>stringenda</strong></span> <span class='ocrx_word' id='word_1_12' title='bbox 991 628 1062 696; x_wconf 89' lang='lat' dir='ltr'><strong>acie</strong></span> <span class='ocrx_word' id='word_1_13' title='bbox 1081 623 1279 696; x_wconf 83' lang='lat' dir='ltr'><strong>vocabulo</strong></span> <span class='ocrx_word' id='word_1_14' title='bbox 1269 647 1376 753; x_wconf 81' lang='lat' dir='ltr'><strong>ampo·</strong></span> 
     </span>
     <span class='ocr_line' id='line_1_3' title="bbox 281 715 1376 850; baseline -0.008 -41"><span class='ocrx_word' id='word_1_15' title='bbox 281 742 388 823; x_wconf 80' lang='lat' dir='ltr'><strong>3sito.</strong></span> <span class='ocrx_word' id='word_1_16' title='bbox 413 741 457 807; x_wconf 92' lang='lat' dir='ltr'><strong>Et</strong></span> <span class='ocrx_word' id='word_1_17' title='bbox 483 736 657 805; x_wconf 86' lang='lat' dir='ltr'><strong>fornacum</strong></span> <span class='ocrx_word' id='word_1_18' title='bbox 679 737 821 803; x_wconf 84' lang='lat' dir='ltr'><strong>maxima</strong></span> <span class='ocrx_word' id='word_1_19' title='bbox 841 733 1028 810; x_wconf 82' lang='lat' dir='ltr'><strong>differentia</strong></span> <span class='ocrx_word' id='word_1_20' title='bbox 1051 747 1131 804; x_wconf 83' lang='lat' dir='ltr'><strong>eat.</strong></span> <span class='ocrx_word' id='word_1_21' title='bbox 1153 715 1376 850; x_wconf 80' lang='lat' dir='ltr'><strong>nucleusque⁶</strong></span> 
     </span>
     <span class='ocr_line' id='line_1_4' title="bbox 313 834 1373 940; baseline -0.011 -26"><span class='ocrx_word' id='word_1_22' title='bbox 313 846 446 940; x_wconf 89' lang='lat' dir='ltr'><strong>quidem</strong></span> <span class='ocrx_word' id='word_1_23' title='bbox 466 843 546 912; x_wconf 84' lang='lat' dir='ltr'><strong>ferri</strong></span> <span class='ocrx_word' id='word_1_24' title='bbox 558 841 753 935; x_wconf 78' lang='lat' dir='ltr'>excoquitur</span> <span class='ocrx_word' id='word_1_25' title='bbox 765 842 800 909; x_wconf 91' lang='lat' dir='ltr'><strong>in</strong></span> <span class='ocrx_word' id='word_1_26' title='bbox 818 840 870 909; x_wconf 89' lang='lat' dir='ltr'><strong>bis</strong></span> <span class='ocrx_word' id='word_1_27' title='bbox 889 840 932 908; x_wconf 91' lang='lat' dir='ltr'><strong>ad</strong></span> <span class='ocrx_word' id='word_1_28' title='bbox 949 839 1167 910; x_wconf 87' lang='lat' dir='ltr'><strong>indurandam</strong></span> <span class='ocrx_word' id='word_1_29' title='bbox 1180 839 1305 907; x_wconf 85' lang='lat' dir='ltr'><strong>aciem·</strong></span> <span class='ocrx_word' id='word_1_30' title='bbox 1316 834 1373 904; x_wconf 89' lang='lat' dir='ltr'><strong>ali</strong></span> 
     </span>
     <span class='ocr_line' id='line_1_5' title="bbox 311 944 1372 1044; baseline -0.01 -24"><span class='ocrx_word' id='word_1_31' title='bbox 311 975 386 1044; x_wconf 81' lang='lat' dir='ltr'><strong>quae</strong></span> <span class='ocrx_word' id='word_1_32' title='bbox 408 949 509 1018; x_wconf 89' lang='lat' dir='ltr'><strong>modo</strong></span> <span class='ocrx_word' id='word_1_33' title='bbox 534 947 576 1017; x_wconf 89' lang='lat' dir='ltr'><strong>ad</strong></span> <span class='ocrx_word' id='word_1_34' title='bbox 603 945 787 1016; x_wconf 80' lang='lat' dir='ltr'><strong>densandas</strong></span> <span class='ocrx_word' id='word_1_35' title='bbox 809 946 964 1030; x_wconf 87' lang='lat' dir='ltr'><strong>incudes,</strong></span> <span class='ocrx_word' id='word_1_36' title='bbox 990 944 1226 1014; x_wconf 80' lang='lat' dir='ltr'><strong>malleorumve</strong></span> <span class='ocrx_word' id='word_1_37' title='bbox 1256 957 1372 1011; x_wconf 89' lang='lat' dir='ltr'><strong>rostra.</strong></span> 
     </span>
     <span class='ocr_line' id='line_1_6' title="bbox 310 1048 1373 1146; baseline -0.008 -21"><span class='ocrx_word' id='word_1_38' title='bbox 310 1055 462 1126; x_wconf 88' lang='lat' dir='ltr'><strong>Summa⁷</strong></span> <span class='ocrx_word' id='word_1_39' title='bbox 485 1067 595 1122; x_wconf 88' lang='lat' dir='ltr'><strong>autern</strong></span> <span class='ocrx_word' id='word_1_40' title='bbox 613 1051 829 1122; x_wconf 82' lang='lat' dir='ltr'><strong>differentia</strong></span> <span class='ocrx_word' id='word_1_41' title='bbox 820 1077 855 1120; x_wconf 86' lang='grc' dir='ltr'><strong>ιιι</strong></span> <span class='ocrx_word' id='word_1_42' title='bbox 876 1074 959 1146; x_wconf 88' lang='lat' dir='ltr'><strong>aqua</strong></span> <span class='ocrx_word' id='word_1_43' title='bbox 981 1066 1048 1136; x_wconf 85' lang='lat' dir='ltr'><strong>est,</strong></span> <span class='ocrx_word' id='word_1_44' title='bbox 1070 1075 1124 1120; x_wconf 80' lang='lat' dir='ltr'><strong>cui</strong></span> <span class='ocrx_word' id='word_1_45' title='bbox 1116 1048 1280 1118; x_wconf 84' lang='lat' dir='ltr'><strong>subinde</strong></span> <span class='ocrx_word' id='word_1_46' title='bbox 1296 1071 1373 1116; x_wconf 89' lang='lat' dir='ltr'><strong>oan-</strong></span> 
     </span>
     <span class='ocr_line' id='line_1_7' title="bbox 309 1145 1372 1255; baseline -0.008 -24"><span class='ocrx_word' id='word_1_47' title='bbox 309 1161 416 1231; x_wconf 91' lang='lat' dir='ltr'><strong>dens</strong></span> <span class='ocrx_word' id='word_1_48' title='bbox 407 1145 640 1255; x_wconf 79' lang='lat' dir='ltr'><strong>immergitor⁸.</strong></span> <span class='ocrx_word' id='word_1_49' title='bbox 656 1161 736 1227; x_wconf 85' lang='lat' dir='ltr'><strong>Haec</strong></span> <span class='ocrx_word' id='word_1_50' title='bbox 751 1157 829 1226; x_wconf 89' lang='lat' dir='ltr'><strong>alibi</strong></span> <span class='ocrx_word' id='word_1_51' title='bbox 850 1171 948 1251; x_wconf 88' lang='lat' dir='ltr'><strong>atque</strong></span> <span class='ocrx_word' id='word_1_52' title='bbox 966 1156 1044 1226; x_wconf 89' lang='lat' dir='ltr'><strong>alibi</strong></span> <span class='ocrx_word' id='word_1_53' title='bbox 1060 1155 1171 1226; x_wconf 89' lang='lat' dir='ltr'><strong>utilior</strong></span> <span class='ocrx_word' id='word_1_54' title='bbox 1185 1153 1372 1224; x_wconf 77' lang='lat' dir='ltr'><strong>nobilitavit</strong></span> 
     </span>
     <span class='ocr_line' id='line_1_8' title="bbox 307 1261 1372 1361; baseline -0.006 -27"><span class='ocrx_word' id='word_1_55' title='bbox 307 1265 393 1337; x_wconf 89' lang='lat' dir='ltr'><strong>loca</strong></span> <span class='ocrx_word' id='word_1_56' title='bbox 403 1265 506 1361; x_wconf 84' lang='lat' dir='ltr'><strong>gloria</strong></span> <span class='ocrx_word' id='word_1_57' title='bbox 532 1265 627 1348; x_wconf 80' lang='lat' dir='ltr'><strong>ferri,</strong></span> <span class='ocrx_word' id='word_1_58' title='bbox 649 1265 734 1334; x_wconf 88' lang='lat' dir='ltr'><strong>sicut</strong></span> <span class='ocrx_word' id='word_1_59' title='bbox 754 1262 928 1333; x_wconf 31' lang='lat' dir='ltr'><strong>Bilbilin?</strong></span> <span class='ocrx_word' id='word_1_60' title='bbox 919 1287 953 1330; x_wconf 91' lang='grc' dir='ltr'><strong>ιιι</strong></span> <span class='ocrx_word' id='word_1_61' title='bbox 969 1264 1126 1357; x_wconf 79' lang='lat' dir='ltr'><strong>Hispania</strong></span> <span class='ocrx_word' id='word_1_62' title='bbox 1148 1275 1182 1332; x_wconf 90' lang='lat' dir='ltr'><strong>et</strong></span> <span class='ocrx_word' id='word_1_63' title='bbox 1201 1261 1372 1331; x_wconf 86' lang='lat' dir='ltr'><strong>Turiasso-</strong></span> 
     </span>
    </p>
   </div>
   <div class='ocr_carea' id='block_1_3' title="bbox 267 1471 1369 4242">
    <p class='ocr_par' dir='ltr' id='par_1_3' title="bbox 267 1471 1369 4242">
     <span class='ocr_line' id='line_1_9' title="bbox 306 1471 1368 1548; baseline -0.006 -16"><span class='ocrx_word' id='word_1_64' title='bbox 306 1477 471 1542; x_wconf 81' lang='lat' dir='ltr'><strong>emittantnr‚</strong></span> <span class='ocrx_word' id='word_1_65' title='bbox 487 1488 535 1530; x_wconf 88' lang='lat' dir='ltr'><strong>aut</strong></span> <span class='ocrx_word' id='word_1_66' title='bbox 553 1473 628 1548; x_wconf 89' lang='lat' dir='ltr'><strong>quod</strong></span> <span class='ocrx_word' id='word_1_67' title='bbox 641 1475 757 1530; x_wconf 82' lang='lat' dir='ltr'><strong>candore</strong></span> <span class='ocrx_word' id='word_1_68' title='bbox 768 1495 817 1529; x_wconf 90' lang='lat' dir='ltr'><strong>no-</strong></span> <span class='ocrx_word' id='word_1_69' title='bbox 860 1475 953 1548; x_wconf 80' lang='lat' dir='ltr'><strong>Origg.</strong></span> <span class='ocrx_word' id='word_1_70' title='bbox 961 1476 1039 1538; x_wconf 81' lang='lat' dir='ltr'><strong>XVI,</strong></span> <span class='ocrx_word' id='word_1_71' title='bbox 1053 1495 1104 1540; x_wconf 82' lang='lat' dir='ltr'><strong>so,</strong></span> <span class='ocrx_word' id='word_1_72' title='bbox 1115 1471 1262 1544; x_wconf 84' lang='lat' dir='ltr'><strong>exscripsit.</strong></span> <span class='ocrx_word' id='word_1_73' title='bbox 1277 1472 1368 1526; x_wconf 79' lang='lat' dir='ltr'><strong>lisso.</strong></span> 
     </span>
     <span class='ocr_line' id='line_1_10' title="bbox 304 1554 1368 1628; baseline -0.008 -16"><span class='ocrx_word' id='word_1_74' title='bbox 304 1570 373 1612; x_wconf 74' lang='lat' dir='ltr'><strong>suus</strong></span> <span class='ocrx_word' id='word_1_75' title='bbox 382 1558 474 1610; x_wconf 83' lang='lat' dir='ltr'><strong>oculos</strong></span> <span class='ocrx_word' id='word_1_76' title='bbox 489 1556 814 1628; x_wconf 67' lang='lat' dir='ltr'><strong>percellant&#39;t&#39;irgiffln.</strong></span> <span class='ocrx_word' id='word_1_77' title='bbox 901 1557 928 1612; x_wconf 82' lang='grc'><strong>8.</strong></span> <span class='ocrx_word' id='word_1_78' title='bbox 940 1554 1202 1610; x_wconf 68' lang='lat' dir='ltr'><strong>Cessatumandsm</strong></span> <span class='ocrx_word' id='word_1_79' title='bbox 1212 1556 1368 1622; x_wconf 79' lang='lat' dir='ltr'><strong>immergitur.</strong></span> 
     </span>
     <span class='ocr_line' id='line_1_11' title="bbox 305 1629 1369 1705; baseline -0.006 -15"><span class='ocrx_word' id='word_1_80' title='bbox 305 1636 387 1702; x_wconf 88' lang='lat' dir='ltr'>VIII,</span> <span class='ocrx_word' id='word_1_81' title='bbox 398 1635 552 1690; x_wconf 81' lang='lat' dir='ltr'><strong>=Stricturre</strong></span> <span class='ocrx_word' id='word_1_82' title='bbox 566 1634 707 1705; x_wconf 84' lang='lat' dir='ltr'><strong>chalybum</strong></span> <span class='ocrx_word' id='word_1_83' title='bbox 719 1647 746 1688; x_wconf 85' lang='lat' dir='ltr'><strong>et</strong></span> <span class='ocrx_word' id='word_1_84' title='bbox 759 1635 814 1688; x_wconf 83' lang='lat' dir='ltr'><strong>ior·</strong></span> <span class='ocrx_word' id='word_1_85' title='bbox 860 1636 957 1688; x_wconf 80' lang='lat' dir='ltr'><strong>Varios</strong></span> <span class='ocrx_word' id='word_1_86' title='bbox 976 1634 1069 1688; x_wconf 87' lang='lat' dir='ltr'><strong>modos</strong></span> <span class='ocrx_word' id='word_1_87' title='bbox 1090 1631 1222 1705; x_wconf 86' lang='lat' dir='ltr'><strong>purgandi</strong></span> <span class='ocrx_word' id='word_1_88' title='bbox 1242 1629 1369 1686; x_wconf 83' lang='lat' dir='ltr'><strong>durandi·</strong></span> 
     </span>
     <span class='ocr_line' id='line_1_12' title="bbox 267 1711 1367 1786; baseline -0.005 -18"><span class='ocrx_word' id='word_1_89' title='bbox 267 1745 273 1756; x_wconf 58' lang='lat'><em>⁴</em></span> <span class='ocrx_word' id='word_1_90' title='bbox 303 1716 413 1770; x_wconf 84' lang='lat' dir='ltr'><strong>nucibus</strong></span> <span class='ocrx_word' id='word_1_91' title='bbox 432 1715 501 1786; x_wconf 88' lang='lat' dir='ltr'><strong>ignis</strong></span> <span class='ocrx_word' id='word_1_92' title='bbox 517 1713 631 1768; x_wconf 80' lang='lat' dir='ltr'><strong>anhelat.</strong></span> <span class='ocrx_word' id='word_1_93' title='bbox 647 1739 659 1760; x_wconf 79' lang='grc' dir='ltr'>ι</span> <span class='ocrx_word' id='word_1_94' title='bbox 679 1715 814 1770; x_wconf 70' lang='lat' dir='ltr'><strong>strictura</strong></span> <span class='ocrx_word' id='word_1_95' title='bbox 858 1733 912 1786; x_wconf 86' lang='lat' dir='ltr'><strong>que</strong></span> <span class='ocrx_word' id='word_1_96' title='bbox 933 1713 997 1768; x_wconf 77' lang='lat' dir='ltr'><strong>ferri</strong></span> <span class='ocrx_word' id='word_1_97' title='bbox 1017 1711 1099 1768; x_wconf 85' lang='lat' dir='ltr'><strong>tradit</strong></span> <span class='ocrx_word' id='word_1_98' title='bbox 1117 1711 1235 1783; x_wconf 81' lang='lat' dir='ltr'><strong>Magius,</strong></span> <span class='ocrx_word' id='word_1_99' title='bbox 1258 1711 1307 1767; x_wconf 85' lang='lat' dir='ltr'><strong>lib.</strong></span> <span class='ocrx_word' id='word_1_100' title='bbox 1323 1713 1367 1778; x_wconf 87' lang='lat'><strong>11,</strong></span> 
     </span>
     <span class='ocr_line' id='line_1_13' title="bbox 303 1793 1048 1866; baseline -0.001 -17"><span class='ocrx_word' id='word_1_101' title='bbox 303 1813 394 1849; x_wconf 77' lang='lat' dir='ltr'><strong>masan</strong></span> <span class='ocrx_word' id='word_1_102' title='bbox 412 1795 477 1848; x_wconf 76' lang='lat' dir='ltr'><strong>ferri</strong></span> <span class='ocrx_word' id='word_1_103' title='bbox 490 1794 542 1847; x_wconf 84' lang='lat' dir='ltr'><strong>fusi</strong></span> <span class='ocrx_word' id='word_1_104' title='bbox 559 1806 587 1846; x_wconf 90' lang='lat' dir='ltr'><strong>et</strong></span> <span class='ocrx_word' id='word_1_105' title='bbox 603 1793 737 1859; x_wconf 77' lang='lat' dir='ltr'><strong>coniecti,</strong></span> <span class='ocrx_word' id='word_1_106' title='bbox 753 1813 814 1865; x_wconf 69' lang='lat' dir='ltr'><strong>qne</strong></span> <span class='ocrx_word' id='word_1_107' title='bbox 859 1811 918 1866; x_wconf 86' lang='lat' dir='ltr'><strong>cap.</strong></span> <span class='ocrx_word' id='word_1_108' title='bbox 935 1796 963 1851; x_wconf 78' lang='lat' dir='ltr'><strong>e.</strong></span> <span class='ocrx_word' id='word_1_109' title='bbox 978 1793 1048 1848; x_wconf 76' lang='lat' dir='ltr'><strong>Dar..</strong></span> 
     </span>
     <span class='ocr_line' id='line_1_14' title="bbox 302 1869 1364 1942; baseline -0.007 -14"><span class='ocrx_word' id='word_1_110' title='bbox 302 1873 333 1928; x_wconf 89' lang='lat' dir='ltr'><strong>iu</strong></span> <span class='ocrx_word' id='word_1_111' title='bbox 350 1876 459 1929; x_wconf 71' lang='lat' dir='ltr'><strong>lornmu</strong></span> <span class='ocrx_word' id='word_1_112' title='bbox 481 1871 625 1927; x_wconf 82' lang='lat' dir='ltr'><strong>candentes</strong></span> <span class='ocrx_word' id='word_1_113' title='bbox 646 1873 767 1939; x_wconf 77' lang='lat' dir='ltr'><strong>servem,</strong></span> <span class='ocrx_word' id='word_1_114' title='bbox 787 1887 814 1927; x_wconf 87' lang='lat' dir='ltr'><strong>ct</strong></span> <span class='ocrx_word' id='word_1_115' title='bbox 899 1892 927 1942; x_wconf 90' lang='lat'><strong>9.</strong></span> <span class='ocrx_word' id='word_1_116' title='bbox 948 1873 1061 1926; x_wconf 83' lang='lat' dir='ltr'><strong>Bilbilis.</strong></span> <span class='ocrx_word' id='word_1_117' title='bbox 1081 1871 1171 1926; x_wconf 85' lang='lat' dir='ltr'><strong>Hodie</strong></span> <span class='ocrx_word' id='word_1_118' title='bbox 1194 1870 1265 1924; x_wconf 72' lang='lat' dir='ltr'><strong>Villa</strong></span> <span class='ocrx_word' id='word_1_119' title='bbox 1286 1869 1364 1942; x_wconf 84' lang='lat' dir='ltr'><strong>Veja,</strong></span> 
     </span>
     <span class='ocr_line' id='line_1_15' title="bbox 301 1950 1364 2022; baseline -0.004 -16"><span class='ocrx_word' id='word_1_120' title='bbox 301 1953 397 2008; x_wconf 80' lang='lat' dir='ltr'><strong>nitent.</strong></span> <span class='ocrx_word' id='word_1_121' title='bbox 409 1954 478 2006; x_wconf 80' lang='lat' dir='ltr'><strong>Dar..</strong></span> <span class='ocrx_word' id='word_1_122' title='bbox 495 1983 535 1993; x_wconf 96' lang='lat'>—</span> <span class='ocrx_word' id='word_1_123' title='bbox 554 1950 689 2006; x_wconf 71' lang='lat' dir='ltr'><strong>Stricturae.</strong></span> <span class='ocrx_word' id='word_1_124' title='bbox 705 1952 813 2006; x_wconf 88' lang='lat' dir='ltr'><strong>Strictu-</strong></span> <span class='ocrx_word' id='word_1_125' title='bbox 857 1952 1011 2006; x_wconf 83' lang='lat' dir='ltr'><strong>inlisubulo</strong></span> <span class='ocrx_word' id='word_1_126' title='bbox 1019 1964 1118 2018; x_wconf 83' lang='lat' dir='ltr'><strong>monte,</strong></span> <span class='ocrx_word' id='word_1_127' title='bbox 1129 1969 1213 2022; x_wconf 88' lang='lat' dir='ltr'><strong>prope</strong></span> <span class='ocrx_word' id='word_1_128' title='bbox 1221 1951 1364 2018; x_wconf 56' lang='lat' dir='ltr'><strong>Calatciud</strong></span> 
     </span>
     <span class='ocr_line' id='line_1_16' title="bbox 302 2029 1365 2103; baseline -0.003 -17"><span class='ocrx_word' id='word_1_129' title='bbox 302 2051 361 2086; x_wconf 82' lang='lat' dir='ltr'><strong>ram</strong></span> <span class='ocrx_word' id='word_1_130' title='bbox 380 2044 476 2085; x_wconf 80' lang='lat' dir='ltr'><strong>vocam</strong></span> <span class='ocrx_word' id='word_1_131' title='bbox 495 2031 597 2102; x_wconf 87' lang='lat' dir='ltr'><strong>antiqui</strong></span> <span class='ocrx_word' id='word_1_132' title='bbox 616 2049 728 2084; x_wconf 84' lang='lat' dir='ltr'><strong>massam</strong></span> <span class='ocrx_word' id='word_1_133' title='bbox 747 2031 812 2084; x_wconf 78' lang='lat' dir='ltr'><strong>ferri</strong></span> <span class='ocrx_word' id='word_1_134' title='bbox 856 2032 1009 2103; x_wconf 79' lang='lat' dir='ltr'><strong>Arragoniu</strong></span> <span class='ocrx_word' id='word_1_135' title='bbox 1022 2049 1116 2102; x_wconf 92' lang='lat' dir='ltr'><strong>regno.</strong></span> <span class='ocrx_word' id='word_1_136' title='bbox 1132 2029 1273 2096; x_wconf 75' lang='lat' dir='ltr'><strong>Martialis,</strong></span> <span class='ocrx_word' id='word_1_137' title='bbox 1289 2031 1365 2101; x_wconf 85' lang='lat' dir='ltr'><strong>cujus</strong></span> 
     </span>
     <span class='ocr_line' id='line_1_17' title="bbox 301 2108 1363 2181; baseline -0.004 -15"><span class='ocrx_word' id='word_1_138' title='bbox 301 2130 349 2166; x_wconf 86' lang='lat' dir='ltr'><strong>scu</strong></span> <span class='ocrx_word' id='word_1_139' title='bbox 374 2111 515 2176; x_wconf 80' lang='lat' dir='ltr'><strong>laminam,</strong></span> <span class='ocrx_word' id='word_1_140' title='bbox 547 2108 622 2181; x_wconf 84' lang='lat' dir='ltr'><strong>qnod</strong></span> <span class='ocrx_word' id='word_1_141' title='bbox 647 2111 676 2164; x_wconf 90' lang='lat' dir='ltr'><strong>in</strong></span> <span class='ocrx_word' id='word_1_142' title='bbox 699 2127 811 2164; x_wconf 73' lang='lat' dir='ltr'><strong>mmm</strong></span> <span class='ocrx_word' id='word_1_143' title='bbox 856 2108 885 2162; x_wconf 91' lang='lat' dir='ltr'><strong>id</strong></span> <span class='ocrx_word' id='word_1_144' title='bbox 904 2111 956 2164; x_wconf 88' lang='lat' dir='ltr'><strong>suit</strong></span> <span class='ocrx_word' id='word_1_145' title='bbox 975 2111 1060 2164; x_wconf 83' lang='lat' dir='ltr'><strong>natale</strong></span> <span class='ocrx_word' id='word_1_146' title='bbox 1075 2111 1179 2173; x_wconf 80' lang='lat' dir='ltr'><strong>solum,</strong></span> <span class='ocrx_word' id='word_1_147' title='bbox 1196 2109 1243 2162; x_wconf 91' lang='lat' dir='ltr'><strong>lib.</strong></span> <span class='ocrx_word' id='word_1_148' title='bbox 1260 2109 1301 2173; x_wconf 84' lang='lat' dir='ltr'><strong>X,</strong></span> <span class='ocrx_word' id='word_1_149' title='bbox 1319 2129 1363 2180; x_wconf 89' lang='lat' dir='ltr'><strong>ep.</strong></span> 
     </span>
     <span class='ocr_line' id='line_1_18' title="bbox 301 2189 1363 2260; baseline -0.003 -16"><span class='ocrx_word' id='word_1_150' title='bbox 301 2209 381 2244; x_wconf 81' lang='lat' dir='ltr'><strong>unam</strong></span> <span class='ocrx_word' id='word_1_151' title='bbox 395 2190 544 2260; x_wconf 89' lang='lat' dir='ltr'><strong>stringitur,</strong></span> <span class='ocrx_word' id='word_1_152' title='bbox 564 2206 595 2242; x_wconf 85' lang='lat' dir='ltr'><strong>ac</strong></span> <span class='ocrx_word' id='word_1_153' title='bbox 614 2190 745 2243; x_wconf 71' lang='lat' dir='ltr'><strong>coalescit.</strong></span> <span class='ocrx_word' id='word_1_154' title='bbox 766 2191 811 2243; x_wconf 91' lang='lat' dir='ltr'><strong>Sic</strong></span> <span class='ocrx_word' id='word_1_155' title='bbox 854 2207 930 2243; x_wconf 84' lang='lat' dir='ltr'><strong>cnr:</strong></span> <span class='ocrx_word' id='word_1_156' title='bbox 958 2217 969 2238; x_wconf 82' lang='grc' dir='ltr'>ι</span> <span class='ocrx_word' id='word_1_157' title='bbox 986 2190 1134 2259; x_wconf 77' lang='lat' dir='ltr'><strong>Municipes</strong></span> <span class='ocrx_word' id='word_1_158' title='bbox 1165 2200 1273 2258; x_wconf 80' lang='lat' dir='ltr'><strong>augusta</strong></span> <span class='ocrx_word' id='word_1_159' title='bbox 1296 2189 1363 2242; x_wconf 89' lang='lat' dir='ltr'><strong>mihi</strong></span> 
     </span>
     <span class='ocr_line' id='line_1_19' title="bbox 300 2268 1362 2340; baseline 0.001 -18"><span class='ocrx_word' id='word_1_160' title='bbox 300 2269 390 2323; x_wconf 82' lang='lat' dir='ltr'><strong>Varro</strong></span> <span class='ocrx_word' id='word_1_161' title='bbox 409 2270 528 2340; x_wconf 81' lang='lat' dir='ltr'><strong>accepit,</strong></span> <span class='ocrx_word' id='word_1_162' title='bbox 550 2287 582 2320; x_wconf 86' lang='lat' dir='ltr'><strong>co</strong></span> <span class='ocrx_word' id='word_1_163' title='bbox 600 2268 660 2321; x_wconf 90' lang='lat' dir='ltr'><strong>loco</strong></span> <span class='ocrx_word' id='word_1_164' title='bbox 678 2287 758 2340; x_wconf 91' lang='lat' dir='ltr'><strong>qnem</strong></span> <span class='ocrx_word' id='word_1_165' title='bbox 779 2287 810 2322; x_wconf 85' lang='lat' dir='ltr'><strong>ex</strong></span> <span class='ocrx_word' id='word_1_166' title='bbox 854 2286 921 2339; x_wconf 89' lang='lat' dir='ltr'><strong>quos</strong></span> <span class='ocrx_word' id='word_1_167' title='bbox 935 2269 1038 2323; x_wconf 84' lang='lat' dir='ltr'><strong>Bilbilis</strong></span> <span class='ocrx_word' id='word_1_168' title='bbox 1050 2269 1102 2321; x_wconf 91' lang='lat' dir='ltr'><strong>alto</strong></span> <span class='ocrx_word' id='word_1_169' title='bbox 1120 2269 1213 2322; x_wconf 86' lang='lat' dir='ltr'><strong>Monte</strong></span> <span class='ocrx_word' id='word_1_170' title='bbox 1227 2280 1311 2332; x_wconf 85' lang='lat' dir='ltr'><strong>creat,</strong></span> <span class='ocrx_word' id='word_1_171' title='bbox 1322 2287 1362 2323; x_wconf 86' lang='lat' dir='ltr'><strong>ra·</strong></span> 
     </span>
     <span class='ocr_line' id='line_1_20' title="bbox 299 2345 1357 2421; baseline -0.009 -16"><span class='ocrx_word' id='word_1_172' title='bbox 299 2347 392 2405; x_wconf 70' lang='lat' dir='ltr'><strong>Servio</strong></span> <span class='ocrx_word' id='word_1_173' title='bbox 401 2348 482 2418; x_wconf 81' lang='lat' dir='ltr'><strong>paulo</strong></span> <span class='ocrx_word' id='word_1_174' title='bbox 490 2359 552 2401; x_wconf 84' lang='lat' dir='ltr'><strong>ante</strong></span> <span class='ocrx_word' id='word_1_175' title='bbox 561 2347 711 2402; x_wconf 80' lang='lat' dir='ltr'><strong>retulimus.</strong></span> <span class='ocrx_word' id='word_1_176' title='bbox 719 2345 810 2400; x_wconf 86' lang='lat' dir='ltr'><strong>Nonio</strong></span> <span class='ocrx_word' id='word_1_177' title='bbox 854 2346 924 2418; x_wconf 88' lang='lat' dir='ltr'><strong>pidia</strong></span> <span class='ocrx_word' id='word_1_178' title='bbox 942 2367 1009 2421; x_wconf 90' lang='lat' dir='ltr'><strong>quos</strong></span> <span class='ocrx_word' id='word_1_179' title='bbox 1022 2347 1082 2402; x_wconf 90' lang='lat' dir='ltr'><strong>Salo</strong></span> <span class='ocrx_word' id='word_1_180' title='bbox 1093 2348 1175 2418; x_wconf 86' lang='lat' dir='ltr'><strong>cingit</strong></span> <span class='ocrx_word' id='word_1_181' title='bbox 1184 2347 1271 2418; x_wconf 84' lang='lat' dir='ltr'><strong>aquis,</strong></span> <span class='ocrx_word' id='word_1_182' title='bbox 1281 2359 1333 2400; x_wconf 84' lang='lat' dir='ltr'><strong>etc.</strong></span> <span class='ocrx_word' id='word_1_183' title='bbox 1344 2374 1357 2395; x_wconf 80' lang='lat'>.</span> 
     </span>
     <span class='ocr_line' id='line_1_21' title="bbox 299 2425 1358 2496; baseline -0.001 -15"><span class='ocrx_word' id='word_1_184' title='bbox 299 2427 431 2482; x_wconf 82' lang='lat' dir='ltr'><strong>stricturas</strong></span> <span class='ocrx_word' id='word_1_185' title='bbox 454 2438 517 2480; x_wconf 89' lang='lat' dir='ltr'><strong>sunt</strong></span> <span class='ocrx_word' id='word_1_186' title='bbox 547 2439 575 2478; x_wconf 89' lang='lat' dir='ltr'><strong>et</strong></span> <span class='ocrx_word' id='word_1_187' title='bbox 598 2427 718 2482; x_wconf 68' lang='lat' dir='ltr'><strong>scintilla</strong></span> <span class='ocrx_word' id='word_1_188' title='bbox 744 2427 808 2480; x_wconf 82' lang='lat' dir='ltr'><strong>ferri</strong></span> <span class='ocrx_word' id='word_1_189' title='bbox 853 2427 974 2489; x_wconf 71' lang='lat' dir='ltr'><strong>Linrv,</strong></span> <span class='ocrx_word' id='word_1_190' title='bbox 990 2445 1041 2482; x_wconf 76' lang='lat' dir='ltr'><strong>nv:</strong></span> <span class='ocrx_word' id='word_1_191' title='bbox 1060 2454 1071 2476; x_wconf 82' lang='grc' dir='ltr'>ι</span> <span class='ocrx_word' id='word_1_192' title='bbox 1085 2427 1140 2480; x_wconf 86' lang='lat' dir='ltr'><strong>Nos</strong></span> <span class='ocrx_word' id='word_1_193' title='bbox 1148 2425 1229 2480; x_wconf 86' lang='lat' dir='ltr'><strong>Celtis</strong></span> <span class='ocrx_word' id='word_1_194' title='bbox 1242 2426 1358 2496; x_wconf 84' lang='lat' dir='ltr'><strong>genitos,</strong></span> 
     </span>
     <span class='ocr_line' id='line_1_22' title="bbox 300 2503 1359 2562; baseline -0.002 0"><span class='ocrx_word' id='word_1_195' title='bbox 300 2505 457 2562; x_wconf 83' lang='lat' dir='ltr'><strong>candentis:</strong></span> <span class='ocrx_word' id='word_1_196' title='bbox 472 2523 528 2558; x_wconf 90' lang='grc' dir='ltr'>ιιοιι</span> <span class='ocrx_word' id='word_1_197' title='bbox 542 2505 639 2559; x_wconf 87' lang='lat' dir='ltr'><strong>Plinio.</strong></span> <span class='ocrx_word' id='word_1_198' title='bbox 656 2503 749 2558; x_wconf 79' lang='grc' dir='ltr'>Ηιιιι).</span> <span class='ocrx_word' id='word_1_199' title='bbox 853 2519 880 2560; x_wconf 89' lang='lat' dir='ltr'><strong>et</strong></span> <span class='ocrx_word' id='word_1_200' title='bbox 890 2507 1015 2562; x_wconf 84' lang='lat' dir='ltr'><strong>exiberis</strong></span> <span class='ocrx_word' id='word_1_201' title='bbox 1027 2507 1122 2562; x_wconf 85' lang='lat' dir='ltr'><strong>Nostra</strong></span> <span class='ocrx_word' id='word_1_202' title='bbox 1131 2506 1239 2558; x_wconf 85' lang='lat' dir='ltr'><strong>nomina</strong></span> <span class='ocrx_word' id='word_1_203' title='bbox 1250 2504 1359 2560; x_wconf 84' lang='lat' dir='ltr'><strong>duriora</strong></span> 
     </span>
     <span class='ocr_line' id='line_1_23' title="bbox 340 2584 1360 2658; baseline -0.001 -17"><span class='ocrx_word' id='word_1_204' title='bbox 340 2590 367 2641; x_wconf 83' lang='lat'><strong>6.</strong></span> <span class='ocrx_word' id='word_1_205' title='bbox 390 2586 549 2658; x_wconf 70' lang='lat' dir='ltr'><strong>Nariumque.</strong></span> <span class='ocrx_word' id='word_1_206' title='bbox 571 2587 603 2639; x_wconf 90' lang='lat' dir='ltr'><strong>In</strong></span> <span class='ocrx_word' id='word_1_207' title='bbox 630 2584 807 2657; x_wconf 80' lang='lat' dir='ltr'><strong>quibusdam,</strong></span> <span class='ocrx_word' id='word_1_208' title='bbox 851 2596 928 2639; x_wconf 78' lang='lat' dir='ltr'><strong>terrae</strong></span> <span class='ocrx_word' id='word_1_209' title='bbox 947 2587 1031 2642; x_wconf 82' lang='lat' dir='ltr'><strong>Grato</strong></span> <span class='ocrx_word' id='word_1_210' title='bbox 1060 2606 1114 2639; x_wconf 88' lang='lat' dir='ltr'><strong>nou</strong></span> <span class='ocrx_word' id='word_1_211' title='bbox 1137 2584 1236 2657; x_wconf 88' lang='lat' dir='ltr'><strong>pudeat</strong></span> <span class='ocrx_word' id='word_1_212' title='bbox 1258 2586 1360 2640; x_wconf 76' lang='lat' dir='ltr'><strong>referre</strong></span> 
     </span>
     <span class='ocr_line' id='line_1_24' title="bbox 298 2664 1359 2737; baseline -0.001 -19"><span class='ocrx_word' id='word_1_213' title='bbox 298 2664 399 2737; x_wconf 80' lang='lat' dir='ltr'><strong>inquit,</strong></span> <span class='ocrx_word' id='word_1_214' title='bbox 413 2664 564 2719; x_wconf 81' lang='lat' dir='ltr'><strong>fornacibus</strong></span> <span class='ocrx_word' id='word_1_215' title='bbox 574 2665 676 2720; x_wconf 79' lang='lat' dir='ltr'><strong>serrum</strong></span> <span class='ocrx_word' id='word_1_216' title='bbox 685 2666 809 2737; x_wconf 83' lang='lat' dir='ltr'><strong>excoqui-</strong></span> <span class='ocrx_word' id='word_1_217' title='bbox 851 2684 946 2721; x_wconf 70' lang='lat' dir='ltr'><strong>amu:</strong></span> <span class='ocrx_word' id='word_1_218' title='bbox 962 2668 1037 2721; x_wconf 75' lang='lat' dir='ltr'><strong>Suro</strong></span> <span class='ocrx_word' id='word_1_219' title='bbox 1047 2666 1154 2719; x_wconf 84' lang='lat' dir='ltr'><strong>Bilbilin</strong></span> <span class='ocrx_word' id='word_1_220' title='bbox 1163 2666 1290 2737; x_wconf 85' lang='lat' dir='ltr'><strong>optimam</strong></span> <span class='ocrx_word' id='word_1_221' title='bbox 1302 2682 1359 2717; x_wconf 80' lang='lat' dir='ltr'><strong>nse·</strong></span> 
     </span>
     <span class='ocr_line' id='line_1_25' title="bbox 298 2742 1358 2817; baseline -0.001 -18"><span class='ocrx_word' id='word_1_222' title='bbox 298 2756 352 2811; x_wconf 85' lang='lat' dir='ltr'><strong>tor,</strong></span> <span class='ocrx_word' id='word_1_223' title='bbox 365 2743 438 2817; x_wconf 85' lang='lat' dir='ltr'><strong>quod</strong></span> <span class='ocrx_word' id='word_1_224' title='bbox 452 2742 623 2798; x_wconf 87' lang='lat' dir='ltr'><strong>durissimum</strong></span> <span class='ocrx_word' id='word_1_225' title='bbox 639 2757 736 2809; x_wconf 84' lang='lat' dir='ltr'><strong>est,ac</strong></span> <span class='ocrx_word' id='word_1_226' title='bbox 752 2745 807 2797; x_wconf 82' lang='lat' dir='ltr'><strong>vel·</strong></span> <span class='ocrx_word' id='word_1_227' title='bbox 850 2744 929 2811; x_wconf 83' lang='lat' dir='ltr'><strong>tullo,</strong></span> <span class='ocrx_word' id='word_1_228' title='bbox 956 2747 1023 2812; x_wconf 76' lang='lat' dir='ltr'><strong>Qua</strong></span> <span class='ocrx_word' id='word_1_229' title='bbox 1049 2745 1132 2798; x_wconf 83' lang='lat' dir='ltr'><strong>vincit</strong></span> <span class='ocrx_word' id='word_1_230' title='bbox 1159 2744 1358 2817; x_wconf 80' lang='lat' dir='ltr'><strong>Chalybasque,</strong></span> 
     </span>
     <span class='ocr_line' id='line_1_26' title="bbox 298 2821 1357 2899; baseline 0.001 -23"><span class='ocrx_word' id='word_1_231' title='bbox 298 2824 341 2877; x_wconf 90' lang='lat' dir='ltr'><strong>uti</strong></span> <span class='ocrx_word' id='word_1_232' title='bbox 358 2823 459 2877; x_wconf 82' lang='lat' dir='ltr'><strong>metelli</strong></span> <span class='ocrx_word' id='word_1_233' title='bbox 479 2823 605 2887; x_wconf 85' lang='lat' dir='ltr'><strong>nucleus,</strong></span> <span class='ocrx_word' id='word_1_234' title='bbox 625 2822 659 2876; x_wconf 85' lang='lat' dir='ltr'><strong>ud</strong></span> <span class='ocrx_word' id='word_1_235' title='bbox 675 2821 806 2879; x_wconf 75' lang='lat' dir='ltr'><strong>indurata·</strong></span> <span class='ocrx_word' id='word_1_236' title='bbox 849 2824 1041 2899; x_wconf 75' lang='lat' dir='ltr'><strong>Noricosque·</strong></span> <span class='ocrx_word' id='word_1_237' title='bbox 1057 2825 1190 2879; x_wconf 86' lang='lat' dir='ltr'><strong>Nummus</strong></span> <span class='ocrx_word' id='word_1_238' title='bbox 1202 2824 1315 2895; x_wconf 76' lang='lat' dir='ltr'><strong>Augusti</strong></span> <span class='ocrx_word' id='word_1_239' title='bbox 1327 2824 1357 2877; x_wconf 87' lang='lat' dir='ltr'><strong>in</strong></span> 
     </span>
     <span class='ocr_line' id='line_1_27' title="bbox 298 2901 1357 2975; baseline 0.001 -19"><span class='ocrx_word' id='word_1_240' title='bbox 298 2901 361 2957; x_wconf 83' lang='lat' dir='ltr'><strong>dam</strong></span> <span class='ocrx_word' id='word_1_241' title='bbox 383 2904 485 2966; x_wconf 85' lang='lat' dir='ltr'><strong>aciem,</strong></span> <span class='ocrx_word' id='word_1_242' title='bbox 508 2902 562 2955; x_wconf 85' lang='lat' dir='ltr'><strong>boc</strong></span> <span class='ocrx_word' id='word_1_243' title='bbox 584 2914 638 2965; x_wconf 82' lang='lat' dir='ltr'><strong>est.</strong></span> <span class='ocrx_word' id='word_1_244' title='bbox 660 2920 718 2955; x_wconf 87' lang='lat' dir='ltr'><strong>cam</strong></span> <span class='ocrx_word' id='word_1_245' title='bbox 739 2903 803 2957; x_wconf 82' lang='lat' dir='ltr'><strong>ferri</strong></span> <span class='ocrx_word' id='word_1_246' title='bbox 849 2902 963 2957; x_wconf 90' lang='lat' dir='ltr'><strong>Cimelio</strong></span> <span class='ocrx_word' id='word_1_247' title='bbox 981 2904 1051 2975; x_wconf 87' lang='lat' dir='ltr'><strong>regis</strong></span> <span class='ocrx_word' id='word_1_248' title='bbox 1066 2902 1357 2971; x_wconf 61' lang='lat' dir='ltr'><strong>christianissimiffl·</strong></span> 
     </span>
     <span class='ocr_line' id='line_1_28' title="bbox 297 2980 1355 3059; baseline 0.003 -25"><span class='ocrx_word' id='word_1_249' title='bbox 297 2994 417 3053; x_wconf 59' lang='lat' dir='ltr'><strong>mneos,</strong></span> <span class='ocrx_word' id='word_1_250' title='bbox 434 2999 495 3053; x_wconf 80' lang='lat' dir='ltr'><strong>quae</strong></span> <span class='ocrx_word' id='word_1_251' title='bbox 509 2992 590 3035; x_wconf 82' lang='lat' dir='ltr'><strong>secat.</strong></span> <span class='ocrx_word' id='word_1_252' title='bbox 612 2980 657 3033; x_wconf 89' lang='lat' dir='ltr'><strong>Sic</strong></span> <span class='ocrx_word' id='word_1_253' title='bbox 676 2994 806 3052; x_wconf 84' lang='lat' dir='ltr'><strong>tempere-</strong></span> <span class='ocrx_word' id='word_1_254' title='bbox 847 2983 917 3037; x_wconf 91' lang='lat' dir='ltr'><strong>berii</strong></span> <span class='ocrx_word' id='word_1_255' title='bbox 940 3002 1049 3059; x_wconf 87' lang='lat' dir='ltr'><strong>quoque</strong></span> <span class='ocrx_word' id='word_1_256' title='bbox 1076 2996 1103 3053; x_wconf 82' lang='lat' dir='ltr'><strong>et</strong></span> <span class='ocrx_word' id='word_1_257' title='bbox 1124 2982 1249 3053; x_wconf 74' lang='lat' dir='ltr'><strong>Caligula</strong></span> <span class='ocrx_word' id='word_1_258' title='bbox 1272 3003 1281 3039; x_wconf 81' lang='lat' dir='ltr'><strong>s</strong></span> <span class='ocrx_word' id='word_1_259' title='bbox 1304 3000 1355 3037; x_wconf 79' lang='lat' dir='ltr'><strong>aas.</strong></span> 
     </span>
     <span class='ocr_line' id='line_1_29' title="bbox 297 3059 1356 3133; baseline 0.001 -19"><span class='ocrx_word' id='word_1_260' title='bbox 297 3073 343 3114; x_wconf 88' lang='lat' dir='ltr'><strong>tur</strong></span> <span class='ocrx_word' id='word_1_261' title='bbox 369 3061 396 3113; x_wconf 91' lang='lat' dir='ltr'><strong>id</strong></span> <span class='ocrx_word' id='word_1_262' title='bbox 427 3059 501 3132; x_wconf 87' lang='lat' dir='ltr'><strong>qnod</strong></span> <span class='ocrx_word' id='word_1_263' title='bbox 523 3060 628 3113; x_wconf 84' lang='lat' dir='ltr'><strong>barbari</strong></span> <span class='ocrx_word' id='word_1_264' title='bbox 651 3060 805 3133; x_wconf 71' lang='lat' dir='ltr'><strong>cloacasque</strong></span> <span class='ocrx_word' id='word_1_265' title='bbox 849 3080 964 3117; x_wconf 78' lang='lat' dir='ltr'><strong>aversas</strong></span> <span class='ocrx_word' id='word_1_266' title='bbox 978 3081 1109 3119; x_wconf 78' lang='lat' dir='ltr'><strong>nrnsrnrs.</strong></span> <span class='ocrx_word' id='word_1_267' title='bbox 1125 3063 1283 3133; x_wconf 81' lang='lat' dir='ltr'><strong>Municipirus</strong></span> <span class='ocrx_word' id='word_1_268' title='bbox 1298 3065 1356 3115; x_wconf 88' lang='lat' dir='ltr'><strong>Au·</strong></span> 
     </span>
     <span class='ocr_line' id='line_1_30' title="bbox 296 3138 1357 3213; baseline 0.002 -18"><span class='ocrx_word' id='word_1_269' title='bbox 296 3143 412 3195; x_wconf 69' lang='lat' dir='ltr'><strong>osorum</strong></span> <span class='ocrx_word' id='word_1_270' title='bbox 427 3152 538 3200; x_wconf 82' lang='lat' dir='ltr'><strong>vocant,</strong></span> <span class='ocrx_word' id='word_1_271' title='bbox 551 3140 583 3191; x_wconf 84' lang='lat' dir='ltr'><strong>de</strong></span> <span class='ocrx_word' id='word_1_272' title='bbox 595 3141 688 3193; x_wconf 77' lang='lat' dir='ltr'><strong>l’acs&#39;er.</strong></span> <span class='ocrx_word' id='word_1_273' title='bbox 698 3140 742 3194; x_wconf 88' lang='lat' dir='ltr'><strong>Sic</strong></span> <span class='ocrx_word' id='word_1_274' title='bbox 752 3154 803 3195; x_wconf 89' lang='lat' dir='ltr'><strong>tot·</strong></span> <span class='ocrx_word' id='word_1_275' title='bbox 844 3155 918 3209; x_wconf 79' lang='lat' dir='ltr'><strong>gusto</strong></span> <span class='ocrx_word' id='word_1_276' title='bbox 933 3142 1039 3197; x_wconf 77' lang='lat' dir='ltr'><strong>Bilbilis.</strong></span> <span class='ocrx_word' id='word_1_277' title='bbox 1051 3145 1186 3213; x_wconf 65' lang='lat' dir='ltr'><strong>aquarum</strong></span> <span class='ocrx_word' id='word_1_278' title='bbox 1200 3160 1263 3195; x_wconf 82' lang='lat' dir='ltr'><strong>sero</strong></span> <span class='ocrx_word' id='word_1_279' title='bbox 1274 3138 1357 3209; x_wconf 83' lang='lat' dir='ltr'><strong>dote,</strong></span> 
     </span>
     <span class='ocr_line' id='line_1_31' title="bbox 295 3217 1354 3294; baseline 0.003 -22"><span class='ocrx_word' id='word_1_280' title='bbox 295 3217 367 3273; x_wconf 82' lang='lat' dir='ltr'><strong>idem</strong></span> <span class='ocrx_word' id='word_1_281' title='bbox 385 3218 493 3291; x_wconf 81' lang='lat' dir='ltr'><strong>syllabis</strong></span> <span class='ocrx_word' id='word_1_282' title='bbox 510 3219 681 3291; x_wconf 74' lang='lat' dir='ltr'><strong>apicibusque</strong></span> <span class='ocrx_word' id='word_1_283' title='bbox 697 3221 763 3292; x_wconf 74' lang='lat' dir='ltr'><strong>neg.</strong></span> <span class='ocrx_word' id='word_1_284' title='bbox 785 3240 800 3275; x_wconf 86' lang='lat' dir='ltr'><strong>a</strong></span> <span class='ocrx_word' id='word_1_285' title='bbox 845 3238 901 3275; x_wconf 89' lang='lat' dir='ltr'><strong>non</strong></span> <span class='ocrx_word' id='word_1_286' title='bbox 928 3221 1098 3288; x_wconf 84' lang='lat' dir='ltr'><strong>iodinsrum,</strong></span> <span class='ocrx_word' id='word_1_287' title='bbox 1124 3240 1183 3294; x_wconf 79' lang='lat' dir='ltr'><strong>quas</strong></span> <span class='ocrx_word' id='word_1_288' title='bbox 1211 3222 1290 3275; x_wconf 79' lang='lat' dir='ltr'><strong>nullas</strong></span> <span class='ocrx_word' id='word_1_289' title='bbox 1314 3222 1354 3277; x_wconf 90' lang='lat' dir='ltr'><strong>ibi</strong></span> 
     </span>
     <span class='ocr_line' id='line_1_32' title="bbox 295 3297 1354 3374; baseline 0.004 -23"><span class='ocrx_word' id='word_1_290' title='bbox 295 3297 358 3353; x_wconf 90' lang='lat' dir='ltr'><strong>cod.</strong></span> <span class='ocrx_word' id='word_1_291' title='bbox 376 3298 450 3353; x_wconf 85' lang='lat' dir='ltr'><strong>Editi</strong></span> <span class='ocrx_word' id='word_1_292' title='bbox 466 3299 593 3353; x_wconf 85' lang='lat' dir='ltr'><strong>hactenus</strong></span> <span class='ocrx_word' id='word_1_293' title='bbox 604 3299 667 3353; x_wconf 90' lang='lat' dir='ltr'><strong>libri</strong></span> <span class='ocrx_word' id='word_1_294' title='bbox 679 3319 687 3351; x_wconf 77' lang='grc' dir='ltr'><em>τ</em></span> <span class='ocrx_word' id='word_1_295' title='bbox 701 3300 756 3353; x_wconf 76' lang='lat' dir='ltr'><strong>«In</strong></span> <span class='ocrx_word' id='word_1_296' title='bbox 768 3300 802 3355; x_wconf 89' lang='lat' dir='ltr'><strong>iis</strong></span> <span class='ocrx_word' id='word_1_297' title='bbox 845 3314 923 3365; x_wconf 84' lang='lat' dir='ltr'><strong>sunt,</strong></span> <span class='ocrx_word' id='word_1_298' title='bbox 937 3301 1008 3355; x_wconf 78' lang='lat' dir='ltr'><strong>ferro</strong></span> <span class='ocrx_word' id='word_1_299' title='bbox 1018 3302 1127 3374; x_wconf 87' lang='lat' dir='ltr'><strong>gloriam</strong></span> <span class='ocrx_word' id='word_1_300' title='bbox 1141 3302 1244 3373; x_wconf 81' lang='lat' dir='ltr'><strong>parari,</strong></span> <span class='ocrx_word' id='word_1_301' title='bbox 1260 3314 1290 3355; x_wconf 89' lang='lat' dir='ltr'><strong>ut</strong></span> <span class='ocrx_word' id='word_1_302' title='bbox 1300 3302 1354 3355; x_wconf 89' lang='lat' dir='ltr'><strong>Pli-</strong></span> 
     </span>
     <span class='ocr_line' id='line_1_33' title="bbox 294 3376 1353 3451; baseline 0.005 -20"><span class='ocrx_word' id='word_1_303' title='bbox 294 3376 419 3448; x_wconf 87' lang='lat' dir='ltr'><strong>equidem</strong></span> <span class='ocrx_word' id='word_1_304' title='bbox 438 3378 548 3432; x_wconf 87' lang='lat' dir='ltr'><strong>nucleus</strong></span> <span class='ocrx_word' id='word_1_305' title='bbox 570 3380 643 3433; x_wconf 78' lang='lat' dir='ltr'><strong>ferri.</strong></span> <span class='ocrx_word' id='word_1_306' title='bbox 660 3418 690 3432; x_wconf 93' lang='lat'><strong>..</strong></span> <span class='ocrx_word' id='word_1_307' title='bbox 711 3379 801 3451; x_wconf 85' lang='lat' dir='ltr'><strong>aliquo</strong></span> <span class='ocrx_word' id='word_1_308' title='bbox 844 3379 905 3437; x_wconf 90' lang='lat' dir='ltr'><strong>nius</strong></span> <span class='ocrx_word' id='word_1_309' title='bbox 925 3381 978 3448; x_wconf 87' lang='lat' dir='ltr'><strong>ait,</strong></span> <span class='ocrx_word' id='word_1_310' title='bbox 993 3382 1071 3437; x_wconf 86' lang='lat' dir='ltr'><strong>etiam</strong></span> <span class='ocrx_word' id='word_1_311' title='bbox 1086 3380 1214 3435; x_wconf 84' lang='lat' dir='ltr'><strong>Martialis</strong></span> <span class='ocrx_word' id='word_1_312' title='bbox 1233 3392 1353 3448; x_wconf 84' lang='lat' dir='ltr'><strong>testatur,</strong></span> 
     </span>
     <span class='ocr_line' id='line_1_34' title="bbox 293 3456 1350 3529; baseline 0.002 -18"><span class='ocrx_word' id='word_1_313' title='bbox 293 3456 385 3511; x_wconf 87' lang='lat' dir='ltr'><strong>modo.</strong></span> <span class='ocrx_word' id='word_1_314' title='bbox 399 3484 411 3505; x_wconf 81' lang='grc' dir='ltr'>ι</span> <span class='ocrx_word' id='word_1_315' title='bbox 425 3458 462 3512; x_wconf 80' lang='lat' dir='ltr'><strong>Et</strong></span> <span class='ocrx_word' id='word_1_316' title='bbox 471 3458 587 3511; x_wconf 83' lang='lat' dir='ltr'><strong>salmasii</strong></span> <span class='ocrx_word' id='word_1_317' title='bbox 602 3461 800 3528; x_wconf 84' lang='lat' dir='ltr'><strong>conjecturam,</strong></span> <span class='ocrx_word' id='word_1_318' title='bbox 844 3459 891 3529; x_wconf 87' lang='lat' dir='ltr'><strong>qui</strong></span> <span class='ocrx_word' id='word_1_319' title='bbox 907 3458 1010 3515; x_wconf 79' lang='lat' dir='ltr'><strong>Salonis</strong></span> <span class='ocrx_word' id='word_1_320' title='bbox 1026 3478 1124 3515; x_wconf 84' lang='lat' dir='ltr'><strong>nomen</strong></span> <span class='ocrx_word' id='word_1_321' title='bbox 1141 3460 1182 3513; x_wconf 86' lang='lat' dir='ltr'><strong>bis</strong></span> <span class='ocrx_word' id='word_1_322' title='bbox 1204 3459 1283 3513; x_wconf 84' lang='lat' dir='ltr'><strong>fuisse</strong></span> <span class='ocrx_word' id='word_1_323' title='bbox 1301 3460 1350 3515; x_wconf 88' lang='lat' dir='ltr'><strong>ait.</strong></span> 
     </span>
     <span class='ocr_line' id='line_1_35' title="bbox 291 3535 1351 3611; baseline 0.004 -22"><span class='ocrx_word' id='word_1_324' title='bbox 291 3535 402 3609; x_wconf 83' lang='lat' dir='ltr'><strong>nequid</strong></span> <span class='ocrx_word' id='word_1_325' title='bbox 412 3538 609 3609; x_wconf 73' lang='lat' dir='ltr'><strong>praetermisisse</strong></span> <span class='ocrx_word' id='word_1_326' title='bbox 619 3536 799 3602; x_wconf 81' lang='lat' dir='ltr'><strong>videas,nunc</strong></span> <span class='ocrx_word' id='word_1_327' title='bbox 843 3536 945 3610; x_wconf 79' lang='lat' dir='ltr'><strong>Adjicit</strong></span> <span class='ocrx_word' id='word_1_328' title='bbox 961 3541 1030 3595; x_wconf 86' lang='lat' dir='ltr'><strong>enim</strong></span> <span class='ocrx_word' id='word_1_329' title='bbox 1046 3539 1133 3594; x_wconf 88' lang='lat' dir='ltr'><strong>verbis</strong></span> <span class='ocrx_word' id='word_1_330' title='bbox 1148 3539 1270 3611; x_wconf 85' lang='lat' dir='ltr'><strong>proxime</strong></span> <span class='ocrx_word' id='word_1_331' title='bbox 1282 3541 1351 3593; x_wconf 88' lang='lat' dir='ltr'><strong>reci·</strong></span> 
     </span>
     <span class='ocr_line' id='line_1_36' title="bbox 291 3616 1350 3691; baseline 0.005 -24"><span class='ocrx_word' id='word_1_332' title='bbox 291 3633 433 3688; x_wconf 81' lang='lat' dir='ltr'><strong>exponam.</strong></span> <span class='ocrx_word' id='word_1_333' title='bbox 444 3616 488 3671; x_wconf 85' lang='lat' dir='ltr'><strong>Sic</strong></span> <span class='ocrx_word' id='word_1_334' title='bbox 498 3616 576 3687; x_wconf 88' lang='lat' dir='ltr'><strong>igitur</strong></span> <span class='ocrx_word' id='word_1_335' title='bbox 588 3616 633 3669; x_wconf 87' lang='lat' dir='ltr'><strong>ille</strong></span> <span class='ocrx_word' id='word_1_336' title='bbox 648 3618 675 3669; x_wconf 92' lang='lat' dir='ltr'><strong>in</strong></span> <span class='ocrx_word' id='word_1_337' title='bbox 691 3616 799 3684; x_wconf 78' lang='lat' dir='ltr'><strong>solino,</strong></span> <span class='ocrx_word' id='word_1_338' title='bbox 842 3617 902 3673; x_wconf 86' lang='lat' dir='ltr'><strong>tatis</strong></span> <span class='ocrx_word' id='word_1_339' title='bbox 911 3637 943 3672; x_wconf 77' lang='lat' dir='ltr'><strong>ea</strong></span> <span class='ocrx_word' id='word_1_340' title='bbox 954 3620 1002 3673; x_wconf 89' lang='lat' dir='ltr'><strong>lib.</strong></span> <span class='ocrx_word' id='word_1_341' title='bbox 1013 3620 1064 3684; x_wconf 80' lang='lat' dir='ltr'><strong>IV,</strong></span> <span class='ocrx_word' id='word_1_342' title='bbox 1077 3638 1119 3691; x_wconf 90' lang='lat' dir='ltr'><strong>ep.</strong></span> <span class='ocrx_word' id='word_1_343' title='bbox 1131 3638 1163 3671; x_wconf 80' lang='grc' dir='ltr'><strong>ιι</strong></span> <span class='ocrx_word' id='word_1_344' title='bbox 1176 3638 1183 3671; x_wconf 90' lang='lat'>:</span> <span class='ocrx_word' id='word_1_345' title='bbox 1199 3644 1211 3667; x_wconf 80' lang='grc' dir='ltr'>ι</span> <span class='ocrx_word' id='word_1_346' title='bbox 1227 3618 1261 3671; x_wconf 82' lang='grc' dir='ltr'>Ει</span> <span class='ocrx_word' id='word_1_347' title='bbox 1276 3618 1350 3672; x_wconf 77' lang='lat' dir='ltr'><strong>ferro</strong></span> 
     </span>
     <span class='ocr_line' id='line_1_37' title="bbox 289 3695 1348 3768; baseline 0.003 -18"><span class='ocrx_word' id='word_1_348' title='bbox 289 3712 351 3767; x_wconf 78' lang='lat' dir='ltr'><strong>pag.</strong></span> <span class='ocrx_word' id='word_1_349' title='bbox 367 3700 482 3760; x_wconf 67' lang='lat' dir='ltr'><strong>rodi:-</strong></span> <span class='ocrx_word' id='word_1_350' title='bbox 498 3696 531 3747; x_wconf 91' lang='lat' dir='ltr'><strong>In</strong></span> <span class='ocrx_word' id='word_1_351' title='bbox 545 3695 679 3767; x_wconf 83' lang='lat' dir='ltr'><strong>aliquibus</strong></span> <span class='ocrx_word' id='word_1_352' title='bbox 694 3696 796 3751; x_wconf 81' lang='lat' dir='ltr'><strong>lenum</strong></span> <span class='ocrx_word' id='word_1_353' title='bbox 840 3698 955 3768; x_wconf 83' lang='lat' dir='ltr'><strong>plateam</strong></span> <span class='ocrx_word' id='word_1_354' title='bbox 985 3718 1034 3753; x_wconf 89' lang='lat' dir='ltr'><strong>suo</strong></span> <span class='ocrx_word' id='word_1_355' title='bbox 1074 3710 1224 3761; x_wconf 84' lang='lat' dir='ltr'><strong>sonantem,</strong></span> <span class='ocrx_word' id='word_1_356' title='bbox 1258 3696 1348 3763; x_wconf 84' lang='lat' dir='ltr'><strong>Quam</strong></span> 
     </span>
     <span class='ocr_line' id='line_1_38' title="bbox 289 3773 1348 3851; baseline 0.003 -24"><span class='ocrx_word' id='word_1_357' title='bbox 289 3776 455 3847; x_wconf 79' lang='lat' dir='ltr'><strong>excoquitur,</strong></span> <span class='ocrx_word' id='word_1_358' title='bbox 477 3774 529 3827; x_wconf 88' lang='lat' dir='ltr'><strong>nisi</strong></span> <span class='ocrx_word' id='word_1_359' title='bbox 555 3773 588 3829; x_wconf 78' lang='lat' dir='ltr'><strong>ad</strong></span> <span class='ocrx_word' id='word_1_360' title='bbox 617 3774 795 3829; x_wconf 87' lang='lat' dir='ltr'><strong>indurandam</strong></span> <span class='ocrx_word' id='word_1_361' title='bbox 840 3774 923 3831; x_wconf 90' lang='lat' dir='ltr'><strong>fluctu</strong></span> <span class='ocrx_word' id='word_1_362' title='bbox 939 3777 1027 3845; x_wconf 90' lang='lat' dir='ltr'><strong>tenui,</strong></span> <span class='ocrx_word' id='word_1_363' title='bbox 1046 3776 1091 3831; x_wconf 86' lang='lat' dir='ltr'><strong>sed</strong></span> <span class='ocrx_word' id='word_1_364' title='bbox 1109 3778 1231 3851; x_wconf 86' lang='lat' dir='ltr'><strong>inquieto</strong></span> <span class='ocrx_word' id='word_1_365' title='bbox 1247 3777 1348 3831; x_wconf 82' lang='lat' dir='ltr'><strong>Armo-</strong></span> 
     </span>
     <span class='ocr_line' id='line_1_39' title="bbox 287 3854 1349 3928; baseline 0.004 -22"><span class='ocrx_word' id='word_1_366' title='bbox 287 3854 381 3908; x_wconf 78' lang='lat' dir='ltr'><strong>uciem.</strong></span> <span class='ocrx_word' id='word_1_367' title='bbox 395 3881 406 3903; x_wconf 79' lang='grc' dir='ltr'>ι</span> <span class='ocrx_word' id='word_1_368' title='bbox 421 3856 459 3908; x_wconf 78' lang='lat' dir='ltr'><strong>Ac</strong></span> <span class='ocrx_word' id='word_1_369' title='bbox 478 3859 525 3907; x_wconf 84' lang='grc' dir='ltr'>ιιιέὶ</span> <span class='ocrx_word' id='word_1_370' title='bbox 542 3854 655 3924; x_wconf 70' lang='lat' dir='ltr'><strong>intelligi</strong></span> <span class='ocrx_word' id='word_1_371' title='bbox 674 3874 725 3924; x_wconf 89' lang='lat' dir='ltr'><strong>pro</strong></span> <span class='ocrx_word' id='word_1_372' title='bbox 747 3876 795 3913; x_wconf 69' lang='lat' dir='ltr'><strong>scu</strong></span> <span class='ocrx_word' id='word_1_373' title='bbox 838 3874 898 3909; x_wconf 87' lang='lat' dir='ltr'><strong>rum</strong></span> <span class='ocrx_word' id='word_1_374' title='bbox 919 3854 979 3909; x_wconf 91' lang='lat' dir='ltr'><strong>Salo</strong></span> <span class='ocrx_word' id='word_1_375' title='bbox 996 3869 1157 3928; x_wconf 85' lang='lat' dir='ltr'><strong>temperator</strong></span> <span class='ocrx_word' id='word_1_376' title='bbox 1177 3856 1270 3909; x_wconf 87' lang='lat' dir='ltr'><strong>ambit.</strong></span> <span class='ocrx_word' id='word_1_377' title='bbox 1283 3882 1294 3903; x_wconf 78' lang='grc' dir='ltr'>ι</span> <span class='ocrx_word' id='word_1_378' title='bbox 1314 3858 1349 3911; x_wconf 88' lang='lat' dir='ltr'><strong>Et</strong></span> 
     </span>
     <span class='ocr_line' id='line_1_40' title="bbox 287 3932 1347 4007; baseline 0.004 -22"><span class='ocrx_word' id='word_1_379' title='bbox 287 3936 335 3985; x_wconf 75' lang='lat' dir='ltr'><strong>nist</strong></span> <span class='ocrx_word' id='word_1_380' title='bbox 347 3936 432 4004; x_wconf 79' lang='lat' dir='ltr'><strong>jubet,</strong></span> <span class='ocrx_word' id='word_1_381' title='bbox 444 3932 472 3986; x_wconf 90' lang='lat' dir='ltr'><strong>id</strong></span> <span class='ocrx_word' id='word_1_382' title='bbox 482 3934 570 3988; x_wconf 82' lang='lat' dir='ltr'><strong>minus</strong></span> <span class='ocrx_word' id='word_1_383' title='bbox 579 3934 710 4004; x_wconf 80' lang='lat' dir='ltr'><strong>probante</strong></span> <span class='ocrx_word' id='word_1_384' title='bbox 723 3934 794 3987; x_wconf 83' lang='lat' dir='ltr'><strong>Gro-</strong></span> <span class='ocrx_word' id='word_1_385' title='bbox 837 3933 884 3986; x_wconf 92' lang='lat' dir='ltr'><strong>lib.</strong></span> <span class='ocrx_word' id='word_1_386' title='bbox 892 3934 969 3999; x_wconf 82' lang='lat' dir='ltr'><strong>xlv,</strong></span> <span class='ocrx_word' id='word_1_387' title='bbox 981 3954 1025 4007; x_wconf 87' lang='lat' dir='ltr'><strong>ep.</strong></span> <span class='ocrx_word' id='word_1_388' title='bbox 1033 3954 1137 3991; x_wconf 77' lang='lat' dir='ltr'><strong>xxxiia:</strong></span> <span class='ocrx_word' id='word_1_389' title='bbox 1152 3961 1163 3983; x_wconf 83' lang='grc' dir='ltr'>ι</span> <span class='ocrx_word' id='word_1_390' title='bbox 1172 3936 1257 4006; x_wconf 86' lang='lat' dir='ltr'><strong>Pugio</strong></span> <span class='ocrx_word' id='word_1_391' title='bbox 1267 3954 1347 4007; x_wconf 86' lang='lat' dir='ltr'><strong>quem</strong></span> 
     </span>
     <span class='ocr_line' id='line_1_41' title="bbox 285 4013 1347 4085; baseline 0.004 -21"><span class='ocrx_word' id='word_1_392' title='bbox 285 4013 382 4077; x_wconf 82' lang='lat' dir='ltr'><strong>uosio,</strong></span> <span class='ocrx_word' id='word_1_393' title='bbox 397 4014 443 4084; x_wconf 88' lang='lat' dir='ltr'><strong>qni</strong></span> <span class='ocrx_word' id='word_1_394' title='bbox 457 4014 545 4083; x_wconf 86' lang='lat' dir='ltr'><strong>ipsum</strong></span> <span class='ocrx_word' id='word_1_395' title='bbox 560 4032 608 4065; x_wconf 84' lang='lat' dir='ltr'><strong>acu</strong></span> <span class='ocrx_word' id='word_1_396' title='bbox 621 4017 669 4065; x_wconf 80' lang='lat' dir='ltr'><strong>uisi</strong></span> <span class='ocrx_word' id='word_1_397' title='bbox 683 4013 793 4067; x_wconf 83' lang='lat' dir='ltr'><strong>rescribi</strong></span> <span class='ocrx_word' id='word_1_398' title='bbox 837 4013 925 4067; x_wconf 80' lang='lat' dir='ltr'><strong>curvis</strong></span> <span class='ocrx_word' id='word_1_399' title='bbox 940 4014 1024 4085; x_wconf 71' lang='lat' dir='ltr'><strong>sigum</strong></span> <span class='ocrx_word' id='word_1_400' title='bbox 1044 4015 1132 4069; x_wconf 80' lang='lat' dir='ltr'><strong>brevis</strong></span> <span class='ocrx_word' id='word_1_401' title='bbox 1152 4015 1238 4067; x_wconf 89' lang='lat' dir='ltr'><strong>orbita</strong></span> <span class='ocrx_word' id='word_1_402' title='bbox 1256 4016 1347 4080; x_wconf 82' lang='lat' dir='ltr'><strong>venis,</strong></span> 
     </span>
     <span class='ocr_line' id='line_1_42' title="bbox 284 4089 1347 4164; baseline 0.004 -21"><span class='ocrx_word' id='word_1_403' title='bbox 284 4089 312 4143; x_wconf 89' lang='lat' dir='ltr'><strong>in</strong></span> <span class='ocrx_word' id='word_1_404' title='bbox 325 4104 453 4145; x_wconf 71' lang='lat' dir='ltr'><strong>contem</strong></span> <span class='ocrx_word' id='word_1_405' title='bbox 465 4093 572 4147; x_wconf 81' lang='lat' dir='ltr'><strong>mavult.</strong></span> <span class='ocrx_word' id='word_1_406' title='bbox 583 4090 673 4145; x_wconf 79' lang='lat' dir='ltr'><strong>Manu.</strong></span> <span class='ocrx_word' id='word_1_407' title='bbox 836 4090 998 4147; x_wconf 86' lang='lat' dir='ltr'><strong>Stridentem</strong></span> <span class='ocrx_word' id='word_1_408' title='bbox 1011 4094 1105 4164; x_wconf 75' lang='lat' dir='ltr'><strong>gelidis</strong></span> <span class='ocrx_word' id='word_1_409' title='bbox 1114 4095 1186 4149; x_wconf 85' lang='lat' dir='ltr'><strong>bunc</strong></span> <span class='ocrx_word' id='word_1_410' title='bbox 1198 4094 1258 4146; x_wconf 88' lang='lat' dir='ltr'><strong>Salo</strong></span> <span class='ocrx_word' id='word_1_411' title='bbox 1268 4094 1347 4147; x_wconf 80' lang='lat' dir='ltr'><strong>tinxit</strong></span> 
     </span>
     <span class='ocr_line' id='line_1_43' title="bbox 323 4170 1346 4242; baseline 0.003 -17"><span class='ocrx_word' id='word_1_412' title='bbox 323 4170 466 4239; x_wconf 57' lang='lat' dir='ltr'><strong>esum.</strong></span> <span class='ocrx_word' id='word_1_413' title='bbox 481 4172 517 4225; x_wconf 88' lang='lat' dir='ltr'><strong>Et</strong></span> <span class='ocrx_word' id='word_1_414' title='bbox 531 4173 604 4225; x_wconf 89' lang='lat' dir='ltr'><strong>hunc</strong></span> <span class='ocrx_word' id='word_1_415' title='bbox 616 4171 706 4227; x_wconf 85' lang='lat' dir='ltr'><strong>locum</strong></span> <span class='ocrx_word' id='word_1_416' title='bbox 726 4170 789 4225; x_wconf 86' lang='lat' dir='ltr'><strong>lsid.</strong></span> <span class='ocrx_word' id='word_1_417' title='bbox 836 4172 935 4242; x_wconf 74' lang='lat' dir='ltr'><strong>aquis·</strong></span> <span class='ocrx_word' id='word_1_418' title='bbox 958 4174 1071 4227; x_wconf 79' lang='lat' dir='ltr'><strong>Amnem</strong></span> <span class='ocrx_word' id='word_1_419' title='bbox 1095 4174 1166 4230; x_wconf 87' lang='lat' dir='ltr'><strong>huuc</strong></span> <span class='ocrx_word' id='word_1_420' title='bbox 1185 4173 1307 4227; x_wconf 86' lang='lat' dir='ltr'><strong>Salonem</strong></span> <span class='ocrx_word' id='word_1_421' title='bbox 1330 4194 1346 4227; x_wconf 86' lang='lat' dir='ltr'><strong>a</strong></span> 
     </span>
    </p>
   </div>
   <div class='ocr_carea' id='block_1_4' title="bbox 0 0 1554 5125">
    <p class='ocr_par' dir='ltr' id='par_1_4' title="bbox 0 0 1554 5125">
     <span class='ocr_line' id='line_1_44' title="bbox 0 0 1554 5125; baseline 0 11"><span class='ocrx_word' id='word_1_422' title='bbox 0 0 1554 5125; x_wconf 95' lang='lat' dir='ltr'><strong> </strong></span> 
     </span>
    </p>
   </div>
  </div>
 </body>
</html>
