<?xml version="1.0" encoding="UTF-8"?>
<!DOCTYPE html PUBLIC "-//W3C//DTD XHTML 1.0 Transitional//EN"
    "http://www.w3.org/TR/xhtml1/DTD/xhtml1-transitional.dtd">
<html xmlns="http://www.w3.org/1999/xhtml" xml:lang="en" lang="en">
 <head>
  <title>
</title>
<meta http-equiv="Content-Type" content="text/html;charset=utf-8" />
  <meta name='ocr-system' content='tesseract 3.04.00' />
  <meta name='ocr-capabilities' content='ocr_page ocr_carea ocr_par ocr_line ocrx_word'/>
</head>
<body>
  <div class='ocr_page' id='page_1' title='image "./caiipliniisecun00hardgoog_0374.png"; bbox 0 0 3100 5125; ppageno 0'>
   <div class='ocr_carea' id='block_1_1' title="bbox 345 502 1133 578">
    <p class='ocr_par' dir='ltr' id='par_1_1' title="bbox 345 502 1133 578">
     <span class='ocr_line' id='line_1_1' title="bbox 345 502 1133 578; baseline -0.005 -2"><span class='ocrx_word' id='word_1_1' title='bbox 345 502 415 578; x_wconf 78' lang='lat'>306</span> <span class='ocrx_word' id='word_1_2' title='bbox 615 507 654 573; x_wconf 90' lang='lat' dir='ltr'>C.</span> <span class='ocrx_word' id='word_1_3' title='bbox 682 503 848 572; x_wconf 90' lang='lat' dir='ltr'>PLlNlI</span> <span class='ocrx_word' id='word_1_4' title='bbox 874 505 980 573; x_wconf 86' lang='lat' dir='ltr'>NAT.</span> <span class='ocrx_word' id='word_1_5' title='bbox 1010 507 1133 574; x_wconf 86' lang='lat' dir='ltr'>HIST.</span> 
     </span>
    </p>
   </div>
   <div class='ocr_carea' id='block_1_2' title="bbox 311 632 1407 2212">
    <p class='ocr_par' dir='ltr' id='par_1_2' title="bbox 311 632 1407 1786">
     <span class='ocr_line' id='line_1_2' title="bbox 311 632 1407 735; baseline 0.003 -27"><span class='ocrx_word' id='word_1_6' title='bbox 311 667 327 718; x_wconf 93' lang='lat'><em>7</em></span> <span class='ocrx_word' id='word_1_7' title='bbox 345 653 380 708; x_wconf 90' lang='lat' dir='ltr'>et</span> <span class='ocrx_word' id='word_1_8' title='bbox 398 637 442 706; x_wconf 92' lang='lat' dir='ltr'>ob</span> <span class='ocrx_word' id='word_1_9' title='bbox 461 636 496 706; x_wconf 93' lang='lat' dir='ltr'>id</span> <span class='ocrx_word' id='word_1_10' title='bbox 513 635 590 704; x_wconf 88' lang='lat' dir='ltr'>deas</span> <span class='ocrx_word' id='word_1_11' title='bbox 608 637 763 729; x_wconf 81' lang='lat' dir='ltr'>pingens,</span> <span class='ocrx_word' id='word_1_12' title='bbox 787 632 845 702; x_wconf 84' lang='lat' dir='ltr'>sed</span> <span class='ocrx_word' id='word_1_13' title='bbox 859 633 1050 704; x_wconf 86' lang='lat' dir='ltr'>dilectarum</span> <span class='ocrx_word' id='word_1_14' title='bbox 1069 639 1221 731; x_wconf 80' lang='lat' dir='ltr'>imagine.</span> <span class='ocrx_word' id='word_1_15' title='bbox 1238 643 1356 735; x_wconf 87' lang='lat' dir='ltr'>Itaque</span> <span class='ocrx_word' id='word_1_16' title='bbox 1371 644 1407 710; x_wconf 92' lang='lat' dir='ltr'>in</span> 
     </span>
     <span class='ocr_line' id='line_1_3' title="bbox 344 740 1407 842; baseline 0.003 -28"><span class='ocrx_word' id='word_1_17' title='bbox 344 747 473 842; x_wconf 78' lang='lat' dir='ltr'>pictura</span> <span class='ocrx_word' id='word_1_18' title='bbox 489 743 560 836; x_wconf 80' lang='lat' dir='ltr'>ejus</span> <span class='ocrx_word' id='word_1_19' title='bbox 572 754 682 810; x_wconf 86' lang='lat' dir='ltr'>scorta</span> <span class='ocrx_word' id='word_1_20' title='bbox 694 740 963 810; x_wconf 78' lang='lat' dir='ltr'>numerabantur.</span> <span class='ocrx_word' id='word_1_21' title='bbox 983 744 1058 810; x_wconf 86' lang='lat' dir='ltr'>Fuit</span> <span class='ocrx_word' id='word_1_22' title='bbox 1075 757 1109 812; x_wconf 88' lang='lat' dir='ltr'>et</span> <span class='ocrx_word' id='word_1_23' title='bbox 1122 769 1228 837; x_wconf 85' lang='lat' dir='ltr'>nuper</span> <span class='ocrx_word' id='word_1_24' title='bbox 1241 749 1351 841; x_wconf 82' lang='lat' dir='ltr'>gravis</span> <span class='ocrx_word' id='word_1_25' title='bbox 1365 772 1407 816; x_wconf 89' lang='lat' dir='ltr'>ac</span> 
     </span>
     <span class='ocr_line' id='line_1_4' title="bbox 343 844 1405 942; baseline 0 -22"><span class='ocrx_word' id='word_1_26' title='bbox 343 875 494 934; x_wconf 86' lang='lat' dir='ltr'>severus,</span> <span class='ocrx_word' id='word_1_27' title='bbox 520 847 673 939; x_wconf 87' lang='lat' dir='ltr'>idemque</span> <span class='ocrx_word' id='word_1_28' title='bbox 699 844 852 932; x_wconf 85' lang='lat' dir='ltr'>floridus,</span> <span class='ocrx_word' id='word_1_29' title='bbox 877 845 1010 916; x_wconf 91' lang='lat' dir='ltr'>humilis</span> <span class='ocrx_word' id='word_1_30' title='bbox 1040 851 1087 917; x_wconf 87' lang='lat' dir='ltr'>rei</span> <span class='ocrx_word' id='word_1_31' title='bbox 1111 851 1218 942; x_wconf 89' lang='lat' dir='ltr'>pictor</span> <span class='ocrx_word' id='word_1_32' title='bbox 1241 851 1405 923; x_wconf 86' lang='lat' dir='ltr'>Amulius.</span> 
     </span>
     <span class='ocr_line' id='line_1_5' title="bbox 344 940 1406 1052; baseline 0.002 -27"><span class='ocrx_word' id='word_1_33' title='bbox 344 957 452 1048; x_wconf 86' lang='lat' dir='ltr'>Hujus</span> <span class='ocrx_word' id='word_1_34' title='bbox 464 968 536 1022; x_wconf 87' lang='lat' dir='ltr'>crat</span> <span class='ocrx_word' id='word_1_35' title='bbox 548 954 714 1038; x_wconf 87' lang='lat' dir='ltr'>Minerva,</span> <span class='ocrx_word' id='word_1_36' title='bbox 725 965 928 1044; x_wconf 87' lang='lat' dir='ltr'>spectantem</span> <span class='ocrx_word' id='word_1_37' title='bbox 943 940 1181 1047; x_wconf 83' lang='lat' dir='ltr'>adspectans³¹,</span> <span class='ocrx_word' id='word_1_38' title='bbox 1197 981 1406 1052; x_wconf 85' lang='lat' dir='ltr'>quacumque</span> 
     </span>
     <span class='ocr_line' id='line_1_6' title="bbox 344 1056 1404 1156; baseline 0.003 -25"><span class='ocrx_word' id='word_1_39' title='bbox 344 1062 579 1154; x_wconf 84' lang='lat' dir='ltr'>adspiceretur.</span> <span class='ocrx_word' id='word_1_40' title='bbox 598 1059 713 1126; x_wconf 87' lang='lat' dir='ltr'>Paucis</span> <span class='ocrx_word' id='word_1_41' title='bbox 734 1056 798 1126; x_wconf 88' lang='lat' dir='ltr'>diei</span> <span class='ocrx_word' id='word_1_42' title='bbox 819 1057 909 1126; x_wconf 89' lang='lat' dir='ltr'>horis</span> <span class='ocrx_word' id='word_1_43' title='bbox 928 1059 1099 1152; x_wconf 85' lang='lat' dir='ltr'>pingebat,</span> <span class='ocrx_word' id='word_1_44' title='bbox 1119 1060 1153 1128; x_wconf 89' lang='lat' dir='ltr'>id</span> <span class='ocrx_word' id='word_1_45' title='bbox 1172 1087 1303 1156; x_wconf 87' lang='lat' dir='ltr'>quoque</span> <span class='ocrx_word' id='word_1_46' title='bbox 1325 1089 1404 1134; x_wconf 89' lang='lat' dir='ltr'>curn</span> 
     </span>
     <span class='ocr_line' id='line_1_7' title="bbox 344 1152 1404 1262; baseline 0.004 -28"><span class='ocrx_word' id='word_1_47' title='bbox 344 1167 525 1262; x_wconf 83' lang='lat' dir='ltr'>gravitate,</span> <span class='ocrx_word' id='word_1_48' title='bbox 541 1163 632 1256; x_wconf 91' lang='lat' dir='ltr'>quod</span> <span class='ocrx_word' id='word_1_49' title='bbox 645 1187 775 1256; x_wconf 86' lang='lat' dir='ltr'>semper</span> <span class='ocrx_word' id='word_1_50' title='bbox 788 1177 937 1257; x_wconf 85' lang='lat' dir='ltr'>togatus,</span> <span class='ocrx_word' id='word_1_51' title='bbox 947 1152 1163 1260; x_wconf 80' lang='lat' dir='ltr'>quanquam³¹</span> <span class='ocrx_word' id='word_1_52' title='bbox 1181 1170 1214 1236; x_wconf 89' lang='lat' dir='ltr'>in</span> <span class='ocrx_word' id='word_1_53' title='bbox 1232 1169 1404 1239; x_wconf 88' lang='lat' dir='ltr'>machinis.</span> 
     </span>
     <span class='ocr_line' id='line_1_8' title="bbox 345 1255 1407 1364; baseline 0.002 -22"><span class='ocrx_word' id='word_1_54' title='bbox 345 1275 469 1344; x_wconf 86' lang='lat' dir='ltr'>Carcer</span> <span class='ocrx_word' id='word_1_55' title='bbox 487 1271 556 1364; x_wconf 87' lang='lat' dir='ltr'>ejus</span> <span class='ocrx_word' id='word_1_56' title='bbox 570 1271 650 1340; x_wconf 89' lang='lat' dir='ltr'>artis</span> <span class='ocrx_word' id='word_1_57' title='bbox 670 1268 789 1338; x_wconf 91' lang='lat' dir='ltr'>domus</span> <span class='ocrx_word' id='word_1_58' title='bbox 807 1293 906 1338; x_wconf 90' lang='lat' dir='ltr'>aurea</span> <span class='ocrx_word' id='word_1_59' title='bbox 926 1255 1038 1340; x_wconf 78' lang='lat' dir='ltr'>fuit³³r</span> <span class='ocrx_word' id='word_1_60' title='bbox 1055 1286 1089 1341; x_wconf 87' lang='lat' dir='ltr'>et</span> <span class='ocrx_word' id='word_1_61' title='bbox 1102 1271 1176 1341; x_wconf 89' lang='lat' dir='ltr'>ideo</span> <span class='ocrx_word' id='word_1_62' title='bbox 1193 1297 1260 1342; x_wconf 92' lang='lat' dir='ltr'>non</span> <span class='ocrx_word' id='word_1_63' title='bbox 1276 1290 1407 1344; x_wconf 87' lang='lat' dir='ltr'>exstant</span> 
     </span>
     <span class='ocr_line' id='line_1_9' title="bbox 346 1376 1406 1472; baseline 0.003 -24"><span class='ocrx_word' id='word_1_64' title='bbox 346 1376 495 1472; x_wconf 77' lang='lat' dir='ltr'>exempla</span> <span class='ocrx_word' id='word_1_65' title='bbox 519 1376 581 1444; x_wconf 83' lang='lat' dir='ltr'>alia</span> <span class='ocrx_word' id='word_1_66' title='bbox 606 1398 818 1470; x_wconf 82' lang='lat' dir='ltr'>magnopere.</span> <span class='ocrx_word' id='word_1_67' title='bbox 843 1378 921 1444; x_wconf 89' lang='lat' dir='ltr'>Post</span> <span class='ocrx_word' id='word_1_68' title='bbox 941 1399 1016 1446; x_wconf 86' lang='lat' dir='ltr'>eum</span> <span class='ocrx_word' id='word_1_69' title='bbox 1043 1377 1134 1446; x_wconf 83' lang='lat' dir='ltr'>fuere</span> <span class='ocrx_word' id='word_1_70' title='bbox 1154 1380 1186 1446; x_wconf 92' lang='lat' dir='ltr'>in</span> <span class='ocrx_word' id='word_1_71' title='bbox 1209 1383 1406 1450; x_wconf 87' lang='lat' dir='ltr'>auctoritate</span> 
     </span>
     <span class='ocr_line' id='line_1_10' title="bbox 345 1481 1406 1575; baseline -0.001 -19"><span class='ocrx_word' id='word_1_72' title='bbox 345 1482 519 1556; x_wconf 81' lang='lat' dir='ltr'>Cornelius</span> <span class='ocrx_word' id='word_1_73' title='bbox 529 1482 648 1564; x_wconf 90' lang='lat' dir='ltr'>Pinus,</span> <span class='ocrx_word' id='word_1_74' title='bbox 659 1495 694 1550; x_wconf 86' lang='lat' dir='ltr'>et</span> <span class='ocrx_word' id='word_1_75' title='bbox 702 1482 824 1549; x_wconf 79' lang='lat' dir='ltr'>Accius</span> <span class='ocrx_word' id='word_1_76' title='bbox 838 1481 978 1568; x_wconf 86' lang='lat' dir='ltr'>Priscus,</span> <span class='ocrx_word' id='word_1_77' title='bbox 991 1485 1047 1575; x_wconf 88' lang='lat' dir='ltr'>qui</span> <span class='ocrx_word' id='word_1_78' title='bbox 1064 1485 1206 1554; x_wconf 88' lang='lat' dir='ltr'>Honoris</span> <span class='ocrx_word' id='word_1_79' title='bbox 1219 1501 1253 1554; x_wconf 87' lang='lat' dir='ltr'>et</span> <span class='ocrx_word' id='word_1_80' title='bbox 1264 1487 1406 1556; x_wconf 89' lang='lat' dir='ltr'>Virtutis</span> 
     </span>
     <span class='ocr_line' id='line_1_11' title="bbox 345 1574 1405 1684; baseline 0 -24"><span class='ocrx_word' id='word_1_81' title='bbox 345 1574 465 1660; x_wconf 79' lang='lat' dir='ltr'>aedes³⁴</span> <span class='ocrx_word' id='word_1_82' title='bbox 479 1587 671 1681; x_wconf 88' lang='lat' dir='ltr'>imperatori</span> <span class='ocrx_word' id='word_1_83' title='bbox 689 1587 892 1680; x_wconf 84' lang='lat' dir='ltr'>Vespasiano</span> <span class='ocrx_word' id='word_1_84' title='bbox 913 1589 1063 1683; x_wconf 85' lang='lat' dir='ltr'>Augusto</span> <span class='ocrx_word' id='word_1_85' title='bbox 1086 1591 1268 1660; x_wconf 88' lang='lat' dir='ltr'>restituenti</span> <span class='ocrx_word' id='word_1_86' title='bbox 1290 1593 1405 1684; x_wconf 81' lang='lat' dir='ltr'>pinxe-</span> 
     </span>
     <span class='ocr_line' id='line_1_12' title="bbox 345 1691 1010 1786; baseline -0.006 -20"><span class='ocrx_word' id='word_1_87' title='bbox 345 1709 450 1766; x_wconf 85' lang='lat' dir='ltr'>runt:</span> <span class='ocrx_word' id='word_1_88' title='bbox 472 1691 530 1762; x_wconf 86' lang='lat' dir='ltr'>sed</span> <span class='ocrx_word' id='word_1_89' title='bbox 551 1694 680 1762; x_wconf 86' lang='lat' dir='ltr'>Priscus</span> <span class='ocrx_word' id='word_1_90' title='bbox 701 1693 844 1786; x_wconf 89' lang='lat' dir='ltr'>antiquis</span> <span class='ocrx_word' id='word_1_91' title='bbox 866 1691 1010 1762; x_wconf 87' lang='lat' dir='ltr'>similior.</span> 
     </span>
    </p>

    <p class='ocr_par' dir='ltr' id='par_1_3' title="bbox 313 1791 1407 2212">
     <span class='ocr_line' id='line_1_13' title="bbox 313 1791 1406 1894; baseline 0.004 -28"><span class='ocrx_word' id='word_1_92' title='bbox 313 1831 325 1866; x_wconf 85' lang='lat'>1</span> <span class='ocrx_word' id='word_1_93' title='bbox 397 1791 767 1888; x_wconf 79' lang='lat' dir='ltr'>xxxvn1.(11.)tt0n</span> <span class='ocrx_word' id='word_1_94' title='bbox 785 1813 834 1870; x_wconf 88' lang='lat' dir='ltr'>est</span> <span class='ocrx_word' id='word_1_95' title='bbox 850 1799 1032 1868; x_wconf 85' lang='lat' dir='ltr'>omittenda</span> <span class='ocrx_word' id='word_1_96' title='bbox 1045 1800 1078 1866; x_wconf 93' lang='lat' dir='ltr'>in</span> <span class='ocrx_word' id='word_1_97' title='bbox 1092 1801 1225 1894; x_wconf 77' lang='lat' dir='ltr'>picturae</span> <span class='ocrx_word' id='word_1_98' title='bbox 1238 1802 1406 1870; x_wconf 88' lang='lat' dir='ltr'>mentione</span> 
     </span>
     <span class='ocr_line' id='line_1_14' title="bbox 345 1903 1406 1998; baseline 0.001 -23"><span class='ocrx_word' id='word_1_99' title='bbox 345 1904 482 1976; x_wconf 84' lang='lat' dir='ltr'>celebris</span> <span class='ocrx_word' id='word_1_100' title='bbox 502 1907 590 1974; x_wconf 89' lang='lat' dir='ltr'>circa</span> <span class='ocrx_word' id='word_1_101' title='bbox 614 1903 776 1997; x_wconf 87' lang='lat' dir='ltr'>Lepidum</span> <span class='ocrx_word' id='word_1_102' title='bbox 806 1903 928 1972; x_wconf 85' lang='lat' dir='ltr'>fabula.</span> <span class='ocrx_word' id='word_1_103' title='bbox 954 1905 1118 1998; x_wconf 90' lang='lat' dir='ltr'>Siquidem</span> <span class='ocrx_word' id='word_1_104' title='bbox 1141 1909 1174 1974; x_wconf 93' lang='lat' dir='ltr'>in</span> <span class='ocrx_word' id='word_1_105' title='bbox 1196 1908 1406 1976; x_wconf 86' lang='lat' dir='ltr'>triumviratu</span> 
     </span>
     <span class='ocr_line' id='line_1_15' title="bbox 345 2009 1406 2106; baseline 0.002 -26"><span class='ocrx_word' id='word_1_106' title='bbox 345 2011 487 2106; x_wconf 88' lang='lat' dir='ltr'>quodam</span> <span class='ocrx_word' id='word_1_107' title='bbox 518 2009 592 2080; x_wconf 89' lang='lat' dir='ltr'>loco</span> <span class='ocrx_word' id='word_1_108' title='bbox 619 2009 780 2079; x_wconf 82' lang='lat' dir='ltr'>deductus</span> <span class='ocrx_word' id='word_1_109' title='bbox 806 2034 826 2080; x_wconf 87' lang='lat' dir='ltr'>a</span> <span class='ocrx_word' id='word_1_110' title='bbox 853 2010 1098 2104; x_wconf 87' lang='lat' dir='ltr'>magistratibus</span> <span class='ocrx_word' id='word_1_111' title='bbox 1128 2013 1162 2080; x_wconf 90' lang='lat' dir='ltr'>in</span> <span class='ocrx_word' id='word_1_112' title='bbox 1192 2037 1406 2082; x_wconf 89' lang='lat' dir='ltr'>nemorosum</span> 
     </span>
     <span class='ocr_line' id='line_1_16' title="bbox 345 2116 1407 2212; baseline 0 -25"><span class='ocrx_word' id='word_1_113' title='bbox 345 2117 547 2211; x_wconf 86' lang='lat' dir='ltr'>hospitium,</span> <span class='ocrx_word' id='word_1_114' title='bbox 574 2116 745 2186; x_wconf 84' lang='lat' dir='ltr'>minaciter</span> <span class='ocrx_word' id='word_1_115' title='bbox 766 2138 843 2184; x_wconf 92' lang='lat' dir='ltr'>cum</span> <span class='ocrx_word' id='word_1_116' title='bbox 867 2117 907 2184; x_wconf 92' lang='lat' dir='ltr'>iis</span> <span class='ocrx_word' id='word_1_117' title='bbox 928 2131 1062 2209; x_wconf 77' lang='lat' dir='ltr'>postero</span> <span class='ocrx_word' id='word_1_118' title='bbox 1087 2117 1140 2186; x_wconf 87' lang='lat' dir='ltr'>die</span> <span class='ocrx_word' id='word_1_119' title='bbox 1168 2119 1407 2212; x_wconf 83' lang='lat' dir='ltr'>expostulavit,</span> 
     </span>
    </p>
   </div>
   <div class='ocr_carea' id='block_1_3' title="bbox 346 2323 1410 4217">
    <p class='ocr_par' dir='ltr' id='par_1_4' title="bbox 346 2323 1409 3269">
     <span class='ocr_line' id='line_1_17' title="bbox 386 2323 1407 2394; baseline 0 -16"><span class='ocrx_word' id='word_1_120' title='bbox 386 2327 429 2378; x_wconf 75' lang='lat'>31.</span> <span class='ocrx_word' id='word_1_121' title='bbox 450 2324 599 2394; x_wconf 79' lang='lat' dir='ltr'>Spectantem</span> <span class='ocrx_word' id='word_1_122' title='bbox 612 2323 762 2392; x_wconf 79' lang='lat' dir='ltr'>adspectans.</span> <span class='ocrx_word' id='word_1_123' title='bbox 778 2323 853 2375; x_wconf 88' lang='lat' dir='ltr'>Brot.</span> <span class='ocrx_word' id='word_1_124' title='bbox 892 2325 954 2391; x_wconf 81' lang='lat' dir='ltr'>suit.</span> <span class='ocrx_word' id='word_1_125' title='bbox 977 2324 1043 2376; x_wconf 86' lang='lat' dir='ltr'>Nam</span> <span class='ocrx_word' id='word_1_126' title='bbox 1064 2325 1091 2376; x_wconf 85' lang='lat' dir='ltr'>in</span> <span class='ocrx_word' id='word_1_127' title='bbox 1114 2343 1142 2376; x_wconf 85' lang='lat' dir='ltr'>ea</span> <span class='ocrx_word' id='word_1_128' title='bbox 1167 2324 1263 2391; x_wconf 91' lang='lat' dir='ltr'>domo,</span> <span class='ocrx_word' id='word_1_129' title='bbox 1285 2327 1359 2380; x_wconf 77' lang='lat' dir='ltr'>velut</span> <span class='ocrx_word' id='word_1_130' title='bbox 1379 2327 1407 2379; x_wconf 88' lang='lat' dir='ltr'>in</span> 
     </span>
     <span class='ocr_line' id='line_1_18' title="bbox 346 2399 1408 2475; baseline 0.001 -17"><span class='ocrx_word' id='word_1_131' title='bbox 346 2423 380 2460; x_wconf 76' lang='lat' dir='ltr'>ea</span> <span class='ocrx_word' id='word_1_132' title='bbox 404 2403 480 2458; x_wconf 79' lang='lat' dir='ltr'>MSS.</span> <span class='ocrx_word' id='word_1_133' title='bbox 507 2405 588 2472; x_wconf 81' lang='lat' dir='ltr'>chg.</span> <span class='ocrx_word' id='word_1_134' title='bbox 619 2414 646 2454; x_wconf 86' lang='lat' dir='ltr'>et</span> <span class='ocrx_word' id='word_1_135' title='bbox 673 2399 737 2455; x_wconf 79' lang='lat' dir='ltr'>edit.</span> <span class='ocrx_word' id='word_1_136' title='bbox 767 2402 852 2473; x_wconf 88' lang='lat' dir='ltr'>princ.</span> <span class='ocrx_word' id='word_1_137' title='bbox 898 2421 1012 2468; x_wconf 77' lang='lat' dir='ltr'>carcere,</span> <span class='ocrx_word' id='word_1_138' title='bbox 1025 2403 1148 2474; x_wconf 84' lang='lat' dir='ltr'>pictores,</span> <span class='ocrx_word' id='word_1_139' title='bbox 1160 2423 1194 2456; x_wconf 81' lang='lat' dir='ltr'>ne</span> <span class='ocrx_word' id='word_1_140' title='bbox 1205 2405 1353 2475; x_wconf 77' lang='lat' dir='ltr'>effugerent</span> <span class='ocrx_word' id='word_1_141' title='bbox 1363 2419 1408 2459; x_wconf 90' lang='lat' dir='ltr'>aut</span> 
     </span>
     <span class='ocr_line' id='line_1_19' title="bbox 346 2479 1409 2555; baseline 0.003 -21"><span class='ocrx_word' id='word_1_142' title='bbox 346 2496 488 2555; x_wconf 65' lang='lat' dir='ltr'>patrarem</span> <span class='ocrx_word' id='word_1_143' title='bbox 511 2493 630 2552; x_wconf 70' lang='lat' dir='ltr'>spectans.</span> <span class='ocrx_word' id='word_1_144' title='bbox 654 2506 666 2528; x_wconf 85' lang='grc' dir='ltr'>ι</span> <span class='ocrx_word' id='word_1_145' title='bbox 688 2479 722 2532; x_wconf 90' lang='lat' dir='ltr'>Id</span> <span class='ocrx_word' id='word_1_146' title='bbox 746 2480 855 2534; x_wconf 83' lang='lat' dir='ltr'>minime</span> <span class='ocrx_word' id='word_1_147' title='bbox 899 2481 1088 2545; x_wconf 76' lang='lat' dir='ltr'>dilaberentur,</span> <span class='ocrx_word' id='word_1_148' title='bbox 1096 2485 1345 2537; x_wconf 82' lang='lat' dir='ltr'>conclusosretineri</span> <span class='ocrx_word' id='word_1_149' title='bbox 1358 2485 1409 2537; x_wconf 85' lang='lat' dir='ltr'>Ne-</span> 
     </span>
     <span class='ocr_line' id='line_1_20' title="bbox 346 2558 1409 2633; baseline 0 -14"><span class='ocrx_word' id='word_1_150' title='bbox 346 2564 481 2625; x_wconf 79' lang='lat' dir='ltr'>mirabile‚</span> <span class='ocrx_word' id='word_1_151' title='bbox 504 2561 566 2614; x_wconf 81' lang='lat' dir='ltr'>licet</span> <span class='ocrx_word' id='word_1_152' title='bbox 588 2559 666 2613; x_wconf 84' lang='lat' dir='ltr'>multi</span> <span class='ocrx_word' id='word_1_153' title='bbox 683 2558 805 2631; x_wconf 87' lang='lat' dir='ltr'>quotidie</span> <span class='ocrx_word' id='word_1_154' title='bbox 827 2559 856 2613; x_wconf 89' lang='lat' dir='ltr'>id</span> <span class='ocrx_word' id='word_1_155' title='bbox 898 2580 930 2615; x_wconf 93' lang='lat' dir='ltr'>ro</span> <span class='ocrx_word' id='word_1_156' title='bbox 941 2562 1057 2633; x_wconf 84' lang='lat' dir='ltr'>jubebat.</span> <span class='ocrx_word' id='word_1_157' title='bbox 1070 2561 1218 2615; x_wconf 75' lang='lat' dir='ltr'>Diane—</span> <span class='ocrx_word' id='word_1_158' title='bbox 1232 2564 1409 2619; x_wconf 67' lang='lat' dir='ltr'>CarrenPro·</span> 
     </span>
     <span class='ocr_line' id='line_1_21' title="bbox 346 2640 1408 2713; baseline -0.002 -14"><span class='ocrx_word' id='word_1_159' title='bbox 346 2643 434 2699; x_wconf 84' lang='lat' dir='ltr'>adhuc</span> <span class='ocrx_word' id='word_1_160' title='bbox 442 2641 580 2695; x_wconf 80' lang='lat' dir='ltr'>mirentur.</span> <span class='ocrx_word' id='word_1_161' title='bbox 587 2640 856 2711; x_wconf 82' lang='lat' dir='ltr'>Capotenimpictum</span> <span class='ocrx_word' id='word_1_162' title='bbox 899 2641 968 2694; x_wconf 83' lang='lat' dir='ltr'>clara</span> <span class='ocrx_word' id='word_1_163' title='bbox 980 2644 1037 2712; x_wconf 78' lang='lat' dir='ltr'>ejus</span> <span class='ocrx_word' id='word_1_164' title='bbox 1049 2642 1156 2694; x_wconf 82' lang='lat' dir='ltr'>artificis</span> <span class='ocrx_word' id='word_1_165' title='bbox 1169 2660 1249 2713; x_wconf 82' lang='lat' dir='ltr'>opera</span> <span class='ocrx_word' id='word_1_166' title='bbox 1262 2642 1345 2697; x_wconf 89' lang='lat' dir='ltr'>domo</span> <span class='ocrx_word' id='word_1_167' title='bbox 1356 2646 1408 2697; x_wconf 83' lang='lat' dir='ltr'>Ne·</span> 
     </span>
     <span class='ocr_line' id='line_1_22' title="bbox 347 2720 1407 2794; baseline 0.001 -20"><span class='ocrx_word' id='word_1_168' title='bbox 347 2724 474 2794; x_wconf 71' lang='lat' dir='ltr'>innqno,</span> <span class='ocrx_word' id='word_1_169' title='bbox 484 2720 630 2786; x_wconf 82' lang='lat' dir='ltr'>uaesursaor</span> <span class='ocrx_word' id='word_1_170' title='bbox 637 2720 725 2790; x_wconf 74' lang='lat' dir='ltr'>plane,</span> <span class='ocrx_word' id='word_1_171' title='bbox 736 2732 857 2789; x_wconf 83' lang='lat' dir='ltr'>spectari·</span> <span class='ocrx_word' id='word_1_172' title='bbox 898 2721 971 2773; x_wconf 78' lang='lat' dir='ltr'>aonia</span> <span class='ocrx_word' id='word_1_173' title='bbox 986 2740 1064 2774; x_wconf 82' lang='lat' dir='ltr'>aurea</span> <span class='ocrx_word' id='word_1_174' title='bbox 1079 2722 1177 2775; x_wconf 80' lang='lat' dir='ltr'>inclusa</span> <span class='ocrx_word' id='word_1_175' title='bbox 1194 2721 1275 2775; x_wconf 78' lang='lat' dir='ltr'>fuere.</span> <span class='ocrx_word' id='word_1_176' title='bbox 1297 2726 1339 2775; x_wconf 78' lang='lat' dir='ltr'>Da</span> <span class='ocrx_word' id='word_1_177' title='bbox 1358 2742 1407 2775; x_wconf 87' lang='lat' dir='ltr'>au·</span> 
     </span>
     <span class='ocr_line' id='line_1_23' title="bbox 347 2797 1405 2875; baseline 0.002 -21"><span class='ocrx_word' id='word_1_178' title='bbox 347 2797 858 2871; x_wconf 79' lang='lat' dir='ltr'>temspectat,qnacumqueadspiciatur:</span> <span class='ocrx_word' id='word_1_179' title='bbox 899 2818 943 2852; x_wconf 82' lang='lat' dir='ltr'>raa</span> <span class='ocrx_word' id='word_1_180' title='bbox 962 2799 1043 2853; x_wconf 88' lang='lat' dir='ltr'>domo</span> <span class='ocrx_word' id='word_1_181' title='bbox 1062 2798 1158 2853; x_wconf 85' lang='lat' dir='ltr'>dicturi</span> <span class='ocrx_word' id='word_1_182' title='bbox 1177 2820 1267 2855; x_wconf 84' lang='lat' dir='ltr'>snmus</span> <span class='ocrx_word' id='word_1_183' title='bbox 1286 2804 1335 2856; x_wconf 87' lang='lat' dir='ltr'>lib.</span> <span class='ocrx_word' id='word_1_184' title='bbox 1351 2822 1405 2875; x_wconf 75' lang='lat' dir='ltr'>seq.</span> 
     </span>
     <span class='ocr_line' id='line_1_24' title="bbox 347 2878 1123 2949; baseline -0.005 -16"><span class='ocrx_word' id='word_1_185' title='bbox 347 2882 431 2935; x_wconf 84' lang='lat' dir='ltr'>immo</span> <span class='ocrx_word' id='word_1_186' title='bbox 439 2890 585 2949; x_wconf 80' lang='lat' dir='ltr'>spectantes</span> <span class='ocrx_word' id='word_1_187' title='bbox 594 2878 720 2949; x_wconf 77' lang='lat' dir='ltr'>singulos,</span> <span class='ocrx_word' id='word_1_188' title='bbox 730 2896 856 2948; x_wconf 83' lang='lat' dir='ltr'>quacum·</span> <span class='ocrx_word' id='word_1_189' title='bbox 899 2896 958 2948; x_wconf 87' lang='lat' dir='ltr'>cap.</span> <span class='ocrx_word' id='word_1_190' title='bbox 975 2887 1018 2943; x_wconf 72' lang='lat'>²4·</span> <span class='ocrx_word' id='word_1_191' title='bbox 1035 2881 1123 2931; x_wconf 77' lang='lat' dir='ltr'>Hran.</span> 
     </span>
     <span class='ocr_line' id='line_1_25' title="bbox 347 2956 1409 3031; baseline 0.004 -20"><span class='ocrx_word' id='word_1_192' title='bbox 347 2978 400 3031; x_wconf 86' lang='lat' dir='ltr'>qne</span> <span class='ocrx_word' id='word_1_193' title='bbox 419 2957 578 3029; x_wconf 85' lang='lat' dir='ltr'>adspiciant,</span> <span class='ocrx_word' id='word_1_194' title='bbox 595 2970 705 3028; x_wconf 82' lang='lat' dir='ltr'>spectat.</span> <span class='ocrx_word' id='word_1_195' title='bbox 719 2956 752 3009; x_wconf 91' lang='lat' dir='ltr'>Id</span> <span class='ocrx_word' id='word_1_196' title='bbox 770 2968 857 3009; x_wconf 77' lang='lat' dir='ltr'>autem</span> <span class='ocrx_word' id='word_1_197' title='bbox 941 2958 987 3023; x_wconf 67' lang='lat'>34.</span> <span class='ocrx_word' id='word_1_198' title='bbox 998 2959 1136 3011; x_wconf 80' lang='lat' dir='ltr'>Horrorr&#39;ret</span> <span class='ocrx_word' id='word_1_199' title='bbox 1147 2961 1251 3013; x_wconf 78' lang='lat' dir='ltr'>Virtutis</span> <span class='ocrx_word' id='word_1_200' title='bbox 1262 2960 1333 3014; x_wconf 74' lang='lat' dir='ltr'>oedaes.</span> <span class='ocrx_word' id='word_1_201' title='bbox 1343 2963 1409 3016; x_wconf 84' lang='lat' dir='ltr'>Fae·</span> 
     </span>
     <span class='ocr_line' id='line_1_26' title="bbox 348 3035 1409 3111; baseline 0.003 -20"><span class='ocrx_word' id='word_1_202' title='bbox 348 3036 491 3107; x_wconf 76' lang='lat' dir='ltr'>contingit,</span> <span class='ocrx_word' id='word_1_203' title='bbox 503 3037 525 3088; x_wconf 82' lang='lat' dir='ltr'>si</span> <span class='ocrx_word' id='word_1_204' title='bbox 538 3038 627 3107; x_wconf 84' lang='lat' dir='ltr'>pictor</span> <span class='ocrx_word' id='word_1_205' title='bbox 635 3035 662 3087; x_wconf 88' lang='lat' dir='ltr'>in</span> <span class='ocrx_word' id='word_1_206' title='bbox 677 3054 705 3089; x_wconf 84' lang='lat' dir='ltr'>se</span> <span class='ocrx_word' id='word_1_207' title='bbox 717 3054 857 3089; x_wconf 71' lang='lat' dir='ltr'>morarios</span> <span class='ocrx_word' id='word_1_208' title='bbox 900 3052 962 3091; x_wconf 86' lang='lat' dir='ltr'>runt</span> <span class='ocrx_word' id='word_1_209' title='bbox 976 3037 1043 3091; x_wconf 76' lang='lat' dir='ltr'>ardes</span> <span class='ocrx_word' id='word_1_210' title='bbox 1059 3039 1187 3109; x_wconf 69' lang='lat' dir='ltr'>gemina,</span> <span class='ocrx_word' id='word_1_211' title='bbox 1200 3040 1323 3111; x_wconf 84' lang='lat' dir='ltr'>proxime</span> <span class='ocrx_word' id='word_1_212' title='bbox 1339 3041 1409 3095; x_wconf 81' lang='lat' dir='ltr'>inter</span> 
     </span>
     <span class='ocr_line' id='line_1_27' title="bbox 348 3114 1408 3190; baseline 0.002 -19"><span class='ocrx_word' id='word_1_213' title='bbox 348 3129 419 3171; x_wconf 78' lang='lat' dir='ltr'>tenet</span> <span class='ocrx_word' id='word_1_214' title='bbox 431 3118 504 3188; x_wconf 82' lang='lat' dir='ltr'>ejus,</span> <span class='ocrx_word' id='word_1_215' title='bbox 518 3133 598 3185; x_wconf 82' lang='lat' dir='ltr'>quem</span> <span class='ocrx_word' id='word_1_216' title='bbox 610 3114 712 3185; x_wconf 77' lang='lat' dir='ltr'>pingit,</span> <span class='ocrx_word' id='word_1_217' title='bbox 725 3116 827 3168; x_wconf 84' lang='lat' dir='ltr'>oculor.</span> <span class='ocrx_word' id='word_1_218' title='bbox 843 3140 854 3161; x_wconf 85' lang='lat'>·</span> <span class='ocrx_word' id='word_1_219' title='bbox 900 3136 927 3170; x_wconf 82' lang='lat' dir='ltr'>se</span> <span class='ocrx_word' id='word_1_220' title='bbox 936 3120 1041 3188; x_wconf 75' lang='lat' dir='ltr'>juncta.</span> <span class='ocrx_word' id='word_1_221' title='bbox 1051 3118 1233 3188; x_wconf 79' lang='lat' dir='ltr'>Symmachus,</span> <span class='ocrx_word' id='word_1_222' title='bbox 1249 3121 1277 3181; x_wconf 89' lang='lat' dir='ltr'>I,</span> <span class='ocrx_word' id='word_1_223' title='bbox 1291 3138 1333 3190; x_wconf 83' lang='lat' dir='ltr'>ep.</span> <span class='ocrx_word' id='word_1_224' title='bbox 1350 3126 1384 3183; x_wconf 67' lang='lat'>¹4</span> <span class='ocrx_word' id='word_1_225' title='bbox 1401 3138 1408 3173; x_wconf 79' lang='lat' dir='ltr'>r</span> 
     </span>
     <span class='ocr_line' id='line_1_28' title="bbox 346 3192 1407 3269; baseline 0.002 -20"><span class='ocrx_word' id='word_1_226' title='bbox 346 3198 388 3254; x_wconf 80' lang='lat' dir='ltr'>Ex</span> <span class='ocrx_word' id='word_1_227' title='bbox 400 3198 474 3249; x_wconf 83' lang='lat' dir='ltr'>Brot.</span> <span class='ocrx_word' id='word_1_228' title='bbox 489 3207 556 3247; x_wconf 87' lang='lat' dir='ltr'>nott.</span> <span class='ocrx_word' id='word_1_229' title='bbox 570 3192 605 3246; x_wconf 86' lang='lat' dir='ltr'>ad</span> <span class='ocrx_word' id='word_1_230' title='bbox 617 3195 690 3247; x_wconf 88' lang='lat' dir='ltr'>hunc</span> <span class='ocrx_word' id='word_1_231' title='bbox 703 3196 751 3247; x_wconf 91' lang='lat' dir='ltr'>lib.</span> <span class='ocrx_word' id='word_1_232' title='bbox 764 3196 815 3247; x_wconf 86' lang='lat' dir='ltr'>En.</span> <span class='ocrx_word' id='word_1_233' title='bbox 903 3222 916 3245; x_wconf 79' lang='grc' dir='ltr'>ι</span> <span class='ocrx_word' id='word_1_234' title='bbox 932 3198 1002 3249; x_wconf 82' lang='lat' dir='ltr'>Bene</span> <span class='ocrx_word' id='word_1_235' title='bbox 1010 3216 1039 3249; x_wconf 90' lang='lat' dir='ltr'>ac</span> <span class='ocrx_word' id='word_1_236' title='bbox 1048 3197 1179 3267; x_wconf 81' lang='lat' dir='ltr'>sapienter</span> <span class='ocrx_word' id='word_1_237' title='bbox 1191 3200 1303 3269; x_wconf 85' lang='lat' dir='ltr'>majores</span> <span class='ocrx_word' id='word_1_238' title='bbox 1313 3200 1407 3261; x_wconf 87' lang='lat' dir='ltr'>nostri,</span> 
     </span>
    </p>

    <p class='ocr_par' dir='ltr' id='par_1_5' title="bbox 346 3275 1410 4141">
     <span class='ocr_line' id='line_1_29' title="bbox 389 3275 1408 3346; baseline 0.002 -17"><span class='ocrx_word' id='word_1_239' title='bbox 389 3276 435 3329; x_wconf 77' lang='lat'>³2.</span> <span class='ocrx_word' id='word_1_240' title='bbox 459 3276 604 3346; x_wconf 75' lang='lat' dir='ltr'>Quanquam</span> <span class='ocrx_word' id='word_1_241' title='bbox 625 3277 651 3325; x_wconf 75' lang='lat' dir='ltr'>tn</span> <span class='ocrx_word' id='word_1_242' title='bbox 672 3275 794 3328; x_wconf 70' lang='lat' dir='ltr'>machinis.</span> <span class='ocrx_word' id='word_1_243' title='bbox 820 3275 857 3326; x_wconf 90' lang='lat' dir='ltr'>Ut</span> <span class='ocrx_word' id='word_1_244' title='bbox 900 3288 931 3328; x_wconf 87' lang='lat' dir='ltr'>nt</span> <span class='ocrx_word' id='word_1_245' title='bbox 946 3290 1005 3329; x_wconf 84' lang='lat' dir='ltr'>runt</span> <span class='ocrx_word' id='word_1_246' title='bbox 1018 3276 1067 3328; x_wconf 86' lang='lat' dir='ltr'>alia</span> <span class='ocrx_word' id='word_1_247' title='bbox 1082 3277 1163 3329; x_wconf 79' lang='lat' dir='ltr'>rotatis</span> <span class='ocrx_word' id='word_1_248' title='bbox 1176 3277 1342 3339; x_wconf 61' lang='lat' dir='ltr'>utromodo</span> <span class='ocrx_word' id='word_1_249' title='bbox 1354 3278 1408 3331; x_wconf 85' lang='lat' dir='ltr'>Ho-</span> 
     </span>
     <span class='ocr_line' id='line_1_30' title="bbox 348 3352 1408 3429; baseline -0.001 -19"><span class='ocrx_word' id='word_1_250' title='bbox 348 3366 412 3411; x_wconf 85' lang='lat' dir='ltr'>sunt</span> <span class='ocrx_word' id='word_1_251' title='bbox 424 3354 459 3420; x_wconf 91' lang='lat' dir='ltr'>ii,</span> <span class='ocrx_word' id='word_1_252' title='bbox 473 3355 520 3425; x_wconf 89' lang='lat' dir='ltr'>qui</span> <span class='ocrx_word' id='word_1_253' title='bbox 534 3354 576 3406; x_wconf 80' lang='lat' dir='ltr'>rel</span> <span class='ocrx_word' id='word_1_254' title='bbox 590 3353 619 3407; x_wconf 91' lang='lat' dir='ltr'>in</span> <span class='ocrx_word' id='word_1_255' title='bbox 633 3352 700 3405; x_wconf 80' lang='lat' dir='ltr'>scala</span> <span class='ocrx_word' id='word_1_256' title='bbox 716 3356 857 3419; x_wconf 81' lang='lat' dir='ltr'>sublimes,</span> <span class='ocrx_word' id='word_1_257' title='bbox 900 3356 959 3407; x_wconf 89' lang='lat' dir='ltr'>nori</span> <span class='ocrx_word' id='word_1_258' title='bbox 968 3370 1046 3427; x_wconf 80' lang='lat' dir='ltr'>atque</span> <span class='ocrx_word' id='word_1_259' title='bbox 1054 3355 1152 3409; x_wconf 88' lang='lat' dir='ltr'>Virtuti</span> <span class='ocrx_word' id='word_1_260' title='bbox 1163 3357 1285 3427; x_wconf 70' lang='lat' dir='ltr'>gamelini</span> <span class='ocrx_word' id='word_1_261' title='bbox 1296 3358 1408 3429; x_wconf 85' lang='lat' dir='ltr'>junctim</span> 
     </span>
     <span class='ocr_line' id='line_1_31' title="bbox 346 3432 1409 3507; baseline -0.001 -19"><span class='ocrx_word' id='word_1_262' title='bbox 346 3436 390 3488; x_wconf 76' lang='lat' dir='ltr'>vel</span> <span class='ocrx_word' id='word_1_263' title='bbox 414 3434 530 3504; x_wconf 80' lang='lat' dir='ltr'>suspensi</span> <span class='ocrx_word' id='word_1_264' title='bbox 551 3434 580 3485; x_wconf 88' lang='lat' dir='ltr'>in</span> <span class='ocrx_word' id='word_1_265' title='bbox 601 3432 740 3498; x_wconf 79' lang='lat' dir='ltr'>corbibus,</span> <span class='ocrx_word' id='word_1_266' title='bbox 756 3452 857 3487; x_wconf 82' lang='lat' dir='ltr'>summa</span> <span class='ocrx_word' id='word_1_267' title='bbox 900 3436 1022 3489; x_wconf 87' lang='lat' dir='ltr'>locarunt</span> <span class='ocrx_word' id='word_1_268' title='bbox 1038 3452 1045 3486; x_wconf 77' lang='grc' dir='ltr'><em>τ</em></span> <span class='ocrx_word' id='word_1_269' title='bbox 1063 3436 1219 3501; x_wconf 83' lang='lat' dir='ltr'>commenti,</span> <span class='ocrx_word' id='word_1_270' title='bbox 1242 3436 1315 3507; x_wconf 92' lang='lat' dir='ltr'>quod</span> <span class='ocrx_word' id='word_1_271' title='bbox 1337 3438 1366 3489; x_wconf 84' lang='lat' dir='ltr'>in</span> <span class='ocrx_word' id='word_1_272' title='bbox 1383 3450 1409 3487; x_wconf 83' lang='lat' dir='ltr'>te</span> 
     </span>
     <span class='ocr_line' id='line_1_32' title="bbox 348 3506 1407 3585; baseline 0.002 -20"><span class='ocrx_word' id='word_1_273' title='bbox 348 3512 445 3569; x_wconf 71' lang='lat' dir='ltr'>edium</span> <span class='ocrx_word' id='word_1_274' title='bbox 475 3513 613 3576; x_wconf 85' lang='lat' dir='ltr'>tabulata,</span> <span class='ocrx_word' id='word_1_275' title='bbox 641 3522 858 3583; x_wconf 67' lang='lat' dir='ltr'>cama-numqua</span> <span class='ocrx_word' id='word_1_276' title='bbox 900 3506 1064 3583; x_wconf 76' lang='lat' dir='ltr'>(Ausonium</span> <span class='ocrx_word' id='word_1_277' title='bbox 1088 3513 1248 3585; x_wconf 78' lang='lat' dir='ltr'>alloquitur)</span> <span class='ocrx_word' id='word_1_278' title='bbox 1271 3514 1407 3568; x_wconf 83' lang='lat' dir='ltr'>vidimus:</span> 
     </span>
     <span class='ocr_line' id='line_1_33' title="bbox 347 3591 1410 3663; baseline 0.004 -20"><span class='ocrx_word' id='word_1_279' title='bbox 347 3592 461 3648; x_wconf 76' lang='lat' dir='ltr'>fornices</span> <span class='ocrx_word' id='word_1_280' title='bbox 494 3591 603 3661; x_wconf 83' lang='lat' dir='ltr'>picturis</span> <span class='ocrx_word' id='word_1_281' title='bbox 637 3605 774 3645; x_wconf 81' lang='lat' dir='ltr'>exornant.</span> <span class='ocrx_word' id='word_1_282' title='bbox 809 3592 857 3645; x_wconf 84' lang='lat' dir='ltr'>His</span> <span class='ocrx_word' id='word_1_283' title='bbox 900 3594 937 3646; x_wconf 87' lang='lat' dir='ltr'>ibi</span> <span class='ocrx_word' id='word_1_284' title='bbox 957 3612 1011 3647; x_wconf 85' lang='lat' dir='ltr'>esse</span> <span class='ocrx_word' id='word_1_285' title='bbox 1029 3593 1137 3663; x_wconf 73' lang='lat' dir='ltr'>promia</span> <span class='ocrx_word' id='word_1_286' title='bbox 1150 3596 1273 3660; x_wconf 86' lang='lat' dir='ltr'>honoris,</span> <span class='ocrx_word' id='word_1_287' title='bbox 1291 3596 1410 3647; x_wconf 86' lang='lat' dir='ltr'>ubisunt</span> 
     </span>
     <span class='ocr_line' id='line_1_34' title="bbox 347 3669 1409 3745; baseline 0.001 -20"><span class='ocrx_word' id='word_1_288' title='bbox 347 3689 498 3745; x_wconf 85' lang='lat' dir='ltr'>quanquam</span> <span class='ocrx_word' id='word_1_289' title='bbox 523 3672 551 3723; x_wconf 84' lang='lat' dir='ltr'>in</span> <span class='ocrx_word' id='word_1_290' title='bbox 575 3671 702 3724; x_wconf 87' lang='lat' dir='ltr'>machinis</span> <span class='ocrx_word' id='word_1_291' title='bbox 730 3669 858 3741; x_wconf 82' lang='lat' dir='ltr'>penderet</span> <span class='ocrx_word' id='word_1_292' title='bbox 900 3675 992 3725; x_wconf 81' lang='lat' dir='ltr'>merita</span> <span class='ocrx_word' id='word_1_293' title='bbox 1007 3672 1120 3725; x_wconf 78' lang='lat' dir='ltr'>virtutis.</span> <span class='ocrx_word' id='word_1_294' title='bbox 1135 3699 1146 3719; x_wconf 79' lang='grc' dir='ltr'>ι</span> <span class='ocrx_word' id='word_1_295' title='bbox 1162 3676 1192 3727; x_wconf 87' lang='lat' dir='ltr'>P.</span> <span class='ocrx_word' id='word_1_296' title='bbox 1205 3674 1299 3727; x_wconf 83' lang='lat' dir='ltr'>Victor</span> <span class='ocrx_word' id='word_1_297' title='bbox 1315 3675 1343 3726; x_wconf 87' lang='lat' dir='ltr'>in</span> <span class='ocrx_word' id='word_1_298' title='bbox 1357 3674 1409 3745; x_wconf 84' lang='lat' dir='ltr'>pri·</span> 
     </span>
     <span class='ocr_line' id='line_1_35' title="bbox 346 3748 1408 3824; baseline -0.001 -19"><span class='ocrx_word' id='word_1_299' title='bbox 346 3752 409 3814; x_wconf 82' lang='lat' dir='ltr'>itte,</span> <span class='ocrx_word' id='word_1_300' title='bbox 421 3768 558 3820; x_wconf 85' lang='lat' dir='ltr'>nunquam</span> <span class='ocrx_word' id='word_1_301' title='bbox 573 3763 660 3802; x_wconf 81' lang='lat' dir='ltr'>tamen</span> <span class='ocrx_word' id='word_1_302' title='bbox 677 3748 783 3802; x_wconf 84' lang='lat' dir='ltr'>induxit</span> <span class='ocrx_word' id='word_1_303' title='bbox 801 3749 857 3802; x_wconf 87' lang='lat' dir='ltr'>ani·</span> <span class='ocrx_word' id='word_1_304' title='bbox 901 3770 943 3804; x_wconf 86' lang='lat' dir='ltr'>ma</span> <span class='ocrx_word' id='word_1_305' title='bbox 964 3752 1072 3822; x_wconf 78' lang='lat' dir='ltr'>regione</span> <span class='ocrx_word' id='word_1_306' title='bbox 1094 3752 1192 3819; x_wconf 83' lang='lat' dir='ltr'>Urbis,</span> <span class='ocrx_word' id='word_1_307' title='bbox 1212 3756 1284 3824; x_wconf 83' lang='lat' dir='ltr'>juxta</span> <span class='ocrx_word' id='word_1_308' title='bbox 1305 3766 1408 3823; x_wconf 86' lang='lat' dir='ltr'>portam</span> 
     </span>
     <span class='ocr_line' id='line_1_36' title="bbox 348 3828 1409 3901; baseline -0.001 -17"><span class='ocrx_word' id='word_1_309' title='bbox 348 3849 422 3885; x_wconf 87' lang='lat' dir='ltr'>mum</span> <span class='ocrx_word' id='word_1_310' title='bbox 436 3843 467 3883; x_wconf 91' lang='lat' dir='ltr'>ut</span> <span class='ocrx_word' id='word_1_311' title='bbox 482 3830 618 3901; x_wconf 79' lang='lat' dir='ltr'>pingeret,</span> <span class='ocrx_word' id='word_1_312' title='bbox 631 3829 681 3881; x_wconf 86' lang='lat' dir='ltr'>nisi</span> <span class='ocrx_word' id='word_1_313' title='bbox 694 3842 811 3899; x_wconf 82' lang='lat' dir='ltr'>togatus.</span> <span class='ocrx_word' id='word_1_314' title='bbox 822 3828 856 3882; x_wconf 79' lang='lat' dir='ltr'>fl.</span> <span class='ocrx_word' id='word_1_315' title='bbox 901 3831 1050 3901; x_wconf 79' lang='lat' dir='ltr'>Capenam,</span> <span class='ocrx_word' id='word_1_316' title='bbox 1067 3858 1078 3879; x_wconf 81' lang='grc' dir='ltr'>ι</span> <span class='ocrx_word' id='word_1_317' title='bbox 1091 3832 1172 3884; x_wconf 81' lang='lat' dir='ltr'>Vicus</span> <span class='ocrx_word' id='word_1_318' title='bbox 1183 3832 1299 3886; x_wconf 85' lang='lat' dir='ltr'>Honoris</span> <span class='ocrx_word' id='word_1_319' title='bbox 1310 3846 1338 3885; x_wconf 84' lang='lat' dir='ltr'>ct</span> <span class='ocrx_word' id='word_1_320' title='bbox 1349 3834 1409 3884; x_wconf 89' lang='lat' dir='ltr'>Vir·</span> 
     </span>
     <span class='ocr_line' id='line_1_37' title="bbox 347 3907 1409 3983; baseline 0.001 -22"><span class='ocrx_word' id='word_1_321' title='bbox 347 3911 429 3962; x_wconf 83' lang='lat' dir='ltr'>-Irr</span> <span class='ocrx_word' id='word_1_322' title='bbox 448 3910 571 3961; x_wconf 65' lang='lat' dir='ltr'>munais.</span> <span class='ocrx_word' id='word_1_323' title='bbox 585 3908 722 3960; x_wconf 68' lang='lat' dir='ltr'>machinas</span> <span class='ocrx_word' id='word_1_324' title='bbox 737 3909 796 3961; x_wconf 84' lang='lat' dir='ltr'>illas</span> <span class='ocrx_word' id='word_1_325' title='bbox 816 3907 858 3961; x_wconf 93' lang='lat' dir='ltr'>di·</span> <span class='ocrx_word' id='word_1_326' title='bbox 901 3912 1000 3975; x_wconf 83' lang='lat' dir='ltr'>tutis,·</span> <span class='ocrx_word' id='word_1_327' title='bbox 1013 3912 1046 3963; x_wconf 84' lang='lat' dir='ltr'>ab</span> <span class='ocrx_word' id='word_1_328' title='bbox 1059 3910 1160 3964; x_wconf 76' lang='lat' dir='ltr'>ndibus</span> <span class='ocrx_word' id='word_1_329' title='bbox 1175 3914 1301 3965; x_wconf 88' lang='lat' dir='ltr'>nimirum</span> <span class='ocrx_word' id='word_1_330' title='bbox 1319 3912 1409 3983; x_wconf 84' lang='lat' dir='ltr'>proxi·</span> 
     </span>
     <span class='ocr_line' id='line_1_38' title="bbox 347 3987 1409 4061; baseline 0 -20"><span class='ocrx_word' id='word_1_331' title='bbox 347 3988 445 4052; x_wconf 86' lang='lat' dir='ltr'>cimus,</span> <span class='ocrx_word' id='word_1_332' title='bbox 459 3990 493 4040; x_wconf 77' lang='lat' dir='ltr'>lea</span> <span class='ocrx_word' id='word_1_333' title='bbox 505 3988 647 4055; x_wconf 65' lang='lat' dir='ltr'>driusands,</span> <span class='ocrx_word' id='word_1_334' title='bbox 659 3987 692 4039; x_wconf 74' lang='lat' dir='ltr'>lea</span> <span class='ocrx_word' id='word_1_335' title='bbox 705 3988 803 4039; x_wconf 61' lang='lat' dir='ltr'>&amp;heller</span> <span class='ocrx_word' id='word_1_336' title='bbox 813 3988 855 4039; x_wconf 81' lang='lat' dir='ltr'>der</span> <span class='ocrx_word' id='word_1_337' title='bbox 901 3990 951 4042; x_wconf 84' lang='lat' dir='ltr'>mis</span> <span class='ocrx_word' id='word_1_338' title='bbox 966 3991 1003 4042; x_wconf 86' lang='lat' dir='ltr'>sic</span> <span class='ocrx_word' id='word_1_339' title='bbox 1015 3991 1170 4061; x_wconf 78' lang='lat' dir='ltr'>appellatus.</span> <span class='ocrx_word' id='word_1_340' title='bbox 1185 3993 1250 4045; x_wconf 86' lang='lat' dir='ltr'>Sunt</span> <span class='ocrx_word' id='word_1_341' title='bbox 1264 3992 1369 4056; x_wconf 76' lang='lat' dir='ltr'>Galbae,</span> <span class='ocrx_word' id='word_1_342' title='bbox 1384 4004 1409 4043; x_wconf 86' lang='lat' dir='ltr'>et</span> 
     </span>
     <span class='ocr_line' id='line_1_39' title="bbox 346 4069 1409 4141; baseline 0.001 -19"><span class='ocrx_word' id='word_1_343' title='bbox 346 4071 458 4137; x_wconf 73' lang='lat' dir='ltr'>peintus.</span> <span class='ocrx_word' id='word_1_344' title='bbox 477 4069 560 4120; x_wconf 80' lang='lat' dir='ltr'>Bana.</span> <span class='ocrx_word' id='word_1_345' title='bbox 902 4069 1001 4121; x_wconf 80' lang='lat' dir='ltr'>Vitellii</span> <span class='ocrx_word' id='word_1_346' title='bbox 1012 4083 1037 4123; x_wconf 84' lang='lat' dir='ltr'>et</span> <span class='ocrx_word' id='word_1_347' title='bbox 1046 4070 1197 4141; x_wconf 82' lang='lat' dir='ltr'>Vespasiani</span> <span class='ocrx_word' id='word_1_348' title='bbox 1206 4072 1308 4123; x_wconf 86' lang='lat' dir='ltr'>nummi</span> <span class='ocrx_word' id='word_1_349' title='bbox 1321 4070 1409 4123; x_wconf 81' lang='lat' dir='ltr'>inscri-</span> 
     </span>
    </p>

    <p class='ocr_par' dir='ltr' id='par_1_6' title="bbox 390 4146 1310 4217">
     <span class='ocr_line' id='line_1_40' title="bbox 390 4146 1310 4217; baseline 0.004 -18"><span class='ocrx_word' id='word_1_350' title='bbox 390 4146 435 4199; x_wconf 81' lang='grc'>33.</span> <span class='ocrx_word' id='word_1_351' title='bbox 455 4146 544 4199; x_wconf 80' lang='lat' dir='ltr'>Carcer</span> <span class='ocrx_word' id='word_1_352' title='bbox 556 4150 607 4213; x_wconf 80' lang='lat' dir='ltr'>ejus</span> <span class='ocrx_word' id='word_1_353' title='bbox 618 4150 677 4197; x_wconf 73' lang='lat' dir='ltr'>anis</span> <span class='ocrx_word' id='word_1_354' title='bbox 688 4146 770 4197; x_wconf 81' lang='lat' dir='ltr'>doraur</span> <span class='ocrx_word' id='word_1_355' title='bbox 784 4166 856 4197; x_wconf 81' lang='lat' dir='ltr'>aurea</span> <span class='ocrx_word' id='word_1_356' title='bbox 900 4148 937 4217; x_wconf 91' lang='lat' dir='ltr'>pti</span> <span class='ocrx_word' id='word_1_357' title='bbox 954 4167 1039 4201; x_wconf 82' lang='lat' dir='ltr'>notros</span> <span class='ocrx_word' id='word_1_358' title='bbox 1052 4168 1085 4201; x_wconf 74' lang='lat' dir='ltr'>tta·</span> <span class='ocrx_word' id='word_1_359' title='bbox 1103 4168 1205 4203; x_wconf 81' lang='lat' dir='ltr'>rrnrvs.</span> <span class='ocrx_word' id='word_1_360' title='bbox 1221 4150 1310 4203; x_wconf 66' lang='lat' dir='ltr'>tiam.</span> 
     </span>
    </p>
   </div>
   <div class='ocr_carea' id='block_1_4' title="bbox 0 0 1561 5125">
    <p class='ocr_par' dir='ltr' id='par_1_7' title="bbox 0 0 1561 5125">
     <span class='ocr_line' id='line_1_41' title="bbox 0 0 1561 5125; baseline 0 0"><span class='ocrx_word' id='word_1_361' title='bbox 0 0 1561 5125; x_wconf 95' lang='lat' dir='ltr'> </span> 
     </span>
    </p>
   </div>
  </div>
 </body>
</html>
