3100 5125
474 563 632 632 arnan
665 563 846 632 xxxvi.
1125 565 1200 660 ιιι,

130 697 220 792 ginta
237 719 295 766 sex
318 695 526 782 cubitorum,
552 696 676 764 flumen
700 695 756 765 illo
780 695 958 764 admissum
982 695 1196 766 arbitrantur.

129 805 322 872 Mansuram
339 801 518 895 altitudinis
535 826 649 870 earum
669 804 885 896 omniumque
906 800 1060 870 similium
1080 801 1197 898 depre-

47 992 50 996 .
129 908 295 994 bendere,
308 887 593 977 iuvenitThales²⁶
610 907 757 978 Milesius
767 909 919 977 umbram
935 907 1101 978 metiendo
1107 933 1196 1004 ,qua

128 1014 212 1082 hora
233 1039 295 1108 par
314 1037 385 1083 esse
408 1039 540 1107 corpori
533 1013 651 1083 solet.
672 1018 751 1084 llaec
770 1029 847 1084 sunt
866 1013 1072 1108 pyramidum
1097 1016 1197 1084 mira·
1216 1032 1234 1086 5

129 1118 227 1189 cula:
247 1143 505 1215 supremumque
526 1119 622 1203 illud,
641 1145 684 1189 ne
701 1121 774 1215 quis
792 1143 907 1214 regum
931 1145 1015 1214 opus
1037 1123 1195 1204 miretur,

130 1228 301 1294 minimam
322 1251 364 1294 cx
380 1225 451 1310 his,
467 1225 524 1295 sed
545 1226 800 1295 laudatissimam
812 1225 1078 1322 ,aRhodope²⁷
1091 1253 1197 1296 mere·

131 1330 250 1401 tricula
262 1331 391 1400 factam.
383 1329 513 1435 AEsopi
524 1331 709 1402 fabularum
721 1331 910 1428 philosophi
921 1356 1081 1404 conserva
1095 1359 1199 1428 quon·

131 1436 207 1506 dam
229 1453 265 1507 et
288 1422 532 1508 contubernalis
554 1439 626 1508 haec
651 1440 728 1525 fuit,
756 1440 881 1533 majore
905 1438 1065 1509 miraculo
1091 1453 1199 1510 tantas

131 1567 211 1638 opes
227 1545 417 1632 meretricio
431 1569 502 1614 esse
520 1546 723 1639 conquisitas
737 1561 874 1640 quaestu.

183 1653 313 1719 XVIll.
332 1651 568 1745 Magnificatur
581 1667 615 1720 et
630 1651 693 1721 alia
707 1654 807 1721 turris
820 1675 840 1720 a
853 1677 931 1749 rege
945 1653 1032 1722 facta
1043 1654 1077 1721 in
1093 1651 1198 1721 insula
1220 1681 1230 1716 ι

132 1755 261 1843 Pharo,
288 1771 422 1851 portum
452 1757 622 1827 obtinente
646 1757 868 1844 Alexandriae,
887 1784 985 1854 quam
1014 1760 1201 1828 constitisse

133 1864 332 1958 octingentis
367 1861 516 1933 talentis¹
545 1864 712 1934 tradunt:
747 1889 870 1958 magno
903 1867 1013 1934 animo
1043 1889 1085 1933 ue
1120 1865 1200 1958 quid

133 1970 340 2055 omittamus,
367 1968 534 2039 Ptolemaei
556 1972 642 2066 regis
650 1969 674 2060 ²,
696 1970 787 2065 quod
807 1973 841 2039 in
866 1996 905 2040 ea
931 1971 1116 2068 permiserit
1139 1973 1201 2040 So-

134 2147 187 2200 buc
217 2161 244 2200 et
268 2147 360 2200 aditur
384 2147 430 2200 illc
454 2159 564 2218 puteus,
589 2167 645 2202 non
680 2147 951 2214 tis,demoustrnvisti
966 2148 1133 2203 altitudinem
1148 2169 1197 2222 py-

133 2239 236 2289 rectus,
250 2226 296 2279 sed
310 2228 444 2298 obliquus.
460 2227 547 2281 Immo
562 2229 646 2281 fertur
680 2228 790 2282 ramidis
804 2228 836 2281 ad
850 2230 975 2302 scipionis
986 2227 1155 2282 altitudinem
1171 2248 1202 2284 ea

134 2307 161 2358 in
177 2309 296 2378 AEgypto
307 2325 362 2360 esse
378 2325 410 2360 ex
426 2307 473 2359 illo
487 2320 586 2378 puteo,
597 2326 647 2380 per
681 2327 735 2362 esse
748 2310 941 2381 proportione,
955 2328 1035 2382 quam
1053 2309 1146 2362 umbra
1164 2309 1197 2361 il-

133 2387 333 2439 subterraneum
350 2386 412 2452 iter,
431 2388 530 2440 exitum
550 2386 579 2440 in
597 2387 646 2440 de·
681 2388 732 2441 lius
740 2387 773 2442 ad
783 2389 862 2460 hujus
873 2390 996 2441 umbram
1007 2388 1125 2441 haberet.
1139 2414 1150 2435 ι
1163 2387 1198 2440 Η.

135 2479 244 2519 sertum.
258 2467 343 2518 Βιιοτ.
724 2487 769 2537 ²7·
786 2467 953 2538 Allbodope.
972 2469 1054 2538 Negat
1069 2469 1121 2520 hoc
1145 2486 1200 2521 esse

175 2548 219 2599 ιθ.
243 2546 339 2599 Thales.
361 2543 441 2617 Apud
459 2545 626 2600 Plutarch'
618 2564 647 2599 ιιι
681 2566 775 2601 verum
786 2547 948 2611 Herodotus,
959 2549 1092 2618 Euterpe,
1102 2548 1149 2601 lib.
1163 2547 1200 2613 Il,

136 2626 250 2679 Goaris.
269 2644 325 2696 sap.
346 2644 405 2696 pag
426 2632 496 2696 147,
509 2626 647 2679 Thaletem
681 2627 1202 2697 n.134;1actrtatum1dfalsoaGrmcrs

135 2705 319 2759 Niloxenus
297 2724 336 2758 sac
348 2706 514 2777 compellat
506 2696 592 2758 linat
604 2726 647 2758 ssu
681 2707 734 2759 ait:
745 2705 883 2761 conditam
894 2706 1064 2780 pyramidem
1077 2726 1135 2760 eam
1145 2726 1201 2761 esse

135 2804 162 2838 ss
181 2786 223 2837 nal
241 2784 275 2837 ria
293 2785 359 2838 ἄλλα
380 2787 518 2856 θαυμάζῃ,
538 2785 634 2844 enirn
603 2792 647 2848 τῆς
683 2786 851 2857 sMycerino
870 2788 987 2858 Cheopis
1001 2786 1074 2851 lilio,
1093 2788 1201 2859 AEgypti

135 2862 274 2934 πυραμίδος
304 2868 348 2922 ras
379 2868 493 2936 μίμων
521 2866 648 2936 νπιρφυῶς
682 2884 753 2937 rego
782 2866 833 2919 Sed
859 2866 950 2931 fuere,
978 2879 1008 2919 ut
1033 2864 1133 2920 dictum
1159 2879 1198 2919 est

133 2945 279 3016 elysiis-nors,
297 2946 334 2997 Ira
353 2946 437 3006 πάσης
454 2944 512 2998 duro
529 2965 648 3016 npayps-
682 2964 779 3016 supra,
798 2945 833 2999 de
856 2945 1028 3017 pyramidum
1050 2946 1203 2999 auctoribus

135 3026 219 3089 τιῖιις,
235 3025 277 3077 καὶ
296 3020 401 3094 andeste
420 3024 521 3095 ὀργάνου
541 3020 648 3091 denarie,
683 3024 863 3095 discrepantes
881 3026 1028 3080 sententias.
1051 3025 1202 3097 Rhodopen

135 3104 199 3157 ἀλλὰ
220 3106 264 3161 τὴν
287 3105 422 3175 βακτηρίαν
442 3105 522 3165 &aar
544 3104 585 3158 tet
612 3112 648 3175 τῷ
683 3106 752 3159 hanc
772 3106 869 3159 iactam
885 3124 940 3159 esse
961 3106 1069 3177 AEgypti
1083 3106 1202 3176 reginam

136 3186 224 3255 nipast
236 3189 280 3245 τῆς
290 3187 375 3248 σκιᾶς,
384 3186 412 3242 ἣν
421 3187 436 3242 ἡ
446 3184 647 3254 πνραμὶςίποίιι,
684 3186 803 3238 AElianus
816 3186 930 3237 allirmat
938 3186 1004 3238 Var.
1016 3185 1085 3239 Hist.
1096 3186 1115 3238 l.
1124 3186 1203 3250 XIII,

136 3266 270 3333 γινομένων
284 3268 315 3331 τῇ
327 3266 409 3334 inape]
418 3269 462 3326 τῆς
474 3264 570 3325 dariam
581 3260 649 3317 ducis
686 3264 734 3329 ³3,
743 3278 769 3317 et
781 3266 876 3318 Strabo
888 3266 936 3318 lib.
948 3264 1040 3329 xvn,
1053 3284 1079 3335 p.
1094 3266 1156 3319 808.
1168 3265 1202 3317 II.
1276 3255 1278 3265 ¹

137 3344 276 3414 spays'ssass,
298 3339 410 3409 ῐὸιιξας,
425 3345 486 3400 daal
510 3344 569 3396 estis
589 3345 649 3414 πρὸς
724 3345 830 3398 XVIII.
859 3363 883 3398 1.
914 3346 1067 3413 Ortingentis
1096 3344 1203 3397 talentis.

137 3426 180 3480 rias
201 3423 273 3476 σκιὰν
286 3424 356 3493 λόγον
372 3418 435 3492 slyr,
454 3425 497 3480 τὴν
517 3418 650 3494 πυραμίδα
686 3424 775 3476 Attica
786 3425 844 3477 hec
857 3442 906 3493 ego
921 3426 1019 3478 talenta
1033 3424 1206 3495 interpretor,

137 3508 196 3573 sept:
210 3505 254 3561 τὴν
267 3504 403 3573 βακτηρίαν
417 3505 536 3571 ἔχουσαν.
550 3528 562 3549 ι
581 3501 649 3555 Nam
685 3503 814 3574 quoniam
823 3522 836 3555 a
845 3504 992 3576 principee
1001 3504 1104 3558 Grecis
1112 3506 1204 3557 orium

137 3601 220 3654 quum
236 3596 262 3635 te
279 3600 387 3655 quoque
404 3584 440 3635 ob
461 3582 511 3635 alis
529 3582 649 3654 quaedam
685 3581 721 3634 do
735 3582 880 3653 persoluta.
903 3582 965 3636 Non
983 3584 1034 3638 alia
1050 3584 1151 3637 Plinius
1166 3596 1204 3636 ta·

137 3661 245 3733 suspicit
264 3653 384 3730 (Amasis
401 3661 525 3723 videlicet
542 3662 651 3731 Egypti
684 3662 755 3715 lenta
784 3661 875 3716 laudat
900 3676 957 3716 toto
984 3682 1081 3736 opere,
1108 3656 1206 3733 praeter

137 3732 215 3806 rexl,
229 3753 285 3795 tum
301 3760 366 3795 vero
382 3743 482 3795 mirum
496 3742 524 3793 in
540 3740 651 3794 modum
686 3743 856 3814 AEgyptiac'a,
870 3742 1000 3796 Atticene.
1012 3744 1048 3795 ll.
1061 3774 1099 3785 —
1113 3743 1203 3795 Ostia·

138 3821 161 3873 ei
177 3820 294 3886 arridet,
310 3819 384 3894 quod
400 3820 549 3894 pyramidis
560 3822 651 3874 altitu·
684 3826 765 3892 gentis
775 3824 880 3875 talentis.
895 3822 1030 3895 AEgyptiis
1042 3821 1155 3885 scillcet,
1166 3821 1203 3875 ait

139 3899 229 3953 dinem
244 3902 345 3973 absque
357 3902 413 3955 ullo
426 3902 591 3966 labore,aut
607 3901 650 3954 in·
686 3903 760 3954 Brot.
783 3920 842 3972 quas
863 3902 961 3971 gallica
985 3911 1099 3953 monete
1121 3900 1205 3955 libras
1320 3909 1324 3917 '

139 3993 287 4033 strumento
310 3979 445 4035 dimensus
464 4000 506 4045 es,
532 3980 579 4034 sed
599 3981 651 4034 sci·
686 3980 808 4033 efficiunt
826 3980 987 4046 aistano.
1006 3981 1035 4032 Si
1048 3980 1134 4032 Attica
1148 4000 1205 4034 ma·
1295 3980 1298 3987 ’

139 4060 238 4130 pinne,
257 4060 290 4113 sd
306 4063 422 4126 umbrae,
440 4078 520 4131 qaam
539 4060 652 4113 iaciebat
686 4060 726 4131 gis
748 4060 835 4132 placet
861 4060 987 4129 intelligi,
1010 4058 1091 4113 libras
1113 4060 1206 4132 accipe

140 4140 268 4209 pyramis,
281 4141 361 4194 finem
373 4154 477 4205 erecto,
490 4158 520 4194 ac
530 4152 600 4193 tactu
610 4159 653 4194 ra·
689 4138 849 4207 3,655,000.
869 4142 925 4192 Eo.

139 4217 246 4273 diorum
259 4219 365 4275 duobus
375 4221 513 4292 triangulis
524 4220 653 4275 eonstitu-
730 4240 757 4272 a.
779 4220 908 4273 Hclsmoes‘
926 4222 997 4289 regis.
1021 4218 1085 4291 Lagi
1105 4219 1134 4272 F.
1157 4219 1205 4290 qui
