3100 5125
459 509 617 578 monn
642 511 823 579 xxxvi
1104 511 1174 596 465

111 635 178 735 (ut
196 655 336 737 apparet
356 663 397 708 ex
418 630 479 732 re)
499 639 662 709 Lucullco
683 643 841 710 marmori
861 638 970 726 dedit,
996 643 1174 714 admodum

111 750 292 820 delectatus
306 744 381 816 illo:
398 747 589 841 primusque
602 749 744 816 Romam
761 748 899 834 invexit,
912 762 1021 818 atrum
1039 748 1174 844 alioqui:

113 881 215 950 quum
234 867 354 924 caetera
375 851 513 922 maculis
532 866 591 922 aut
610 851 779 923 coloribus
801 855 1084 948 commendentur.
1109 857 1175 926 Na·
1197 893 1210 925 2

114 964 217 1032 scitur
233 974 345 1029 autem
362 959 397 1026 in
415 956 483 1027 Nili
498 955 635 1042 insula⁷,
652 958 825 1088 columpne
843 983 935 1054 paene
950 960 1073 1031 horum
1092 987 1177 1032 mar·

114 1093 246 1138 morum
263 1066 306 1135 ab
320 1078 469 1134 amatore
493 1089 614 1134 nomen
635 1066 763 1160 accepit
785 1067 900 1135 .Inter
918 1067 997 1137 hos⁹
1016 1069 1178 1162 primum,

116 1190 154 1244 ut
163 1173 319 1257 arbitror,
333 1195 537 1240 marmoreos
552 1172 693 1265 parietes
708 1171 826 1241 habuit
840 1197 936 1241 scena
946 1172 970 1196 ¹⁰
984 1177 1032 1242 M.
1048 1177 1179 1260 Scauri,

116 1306 184 1350 non
202 1277 298 1349 facile
315 1277 453 1346 dixerim
468 1292 594 1365 sectos,
613 1301 656 1346 an
675 1275 787 1346 solidis
808 1274 940 1372 glebis¹¹
956 1282 1097 1373 positos,
1113 1283 1178 1350 sic-

117 1389 164 1456 uti
177 1401 229 1455 est
243 1383 442 1454 hodietovts
450 1384 611 1453 Tonantis
633 1383 719 1453 aedes
738 1386 773 1452 in
791 1381 1003 1478 Capitolio¹².
1020 1387 1177 1456 Nondum

116 1495 205 1562 enim
221 1492 303 1562 secti
322 1490 495 1559 marmoris
510 1491 648 1585 vestigia
665 1491 837 1559 invenerat
849 1476 986 1561 Italia¹³.

168 1601 231 1666 lx.
253 1595 317 1666 Sed
335 1596 480 1690 quisquis
495 1598 640 1690 primum
659 1597 786 1665 invenit
806 1619 934 1684 secare,
952 1595 1179 1694 luxuriamque
1200 1630 1210 1664 1

117 1704 284 1786 dividere,
305 1703 484 1796 importuni
503 1703 624 1796 ingenii
651 1702 721 1770 suit.
747 1705 857 1770 Arena
875 1701 940 1772 hoc
963 1701 1020 1790 fit,
1042 1719 1075 1772 et
1093 1704 1181 1774 ferro

119 1810 249 1878 videtur
274 1808 360 1894 lieri,
393 1831 483 1876 serra
504 1810 538 1876 in
561 1809 720 1903 praetenui
746 1806 831 1876 linea
856 1822 1027 1901 premente
1049 1835 1181 1899 arenas,

119 1915 366 2008 versandoque,
391 1911 517 1982 tractu¹
550 1915 622 2009 ipso
648 1927 789 1983 secante.
819 1913 1003 2009 AEthiopica
1034 1916 1077 1984 ad
1112 1916 1183 1988 haec

118 2024 261 2090 maxime
277 2019 449 2115 probatur.
465 2022 551 2090 Nam
568 2019 601 2088 id
619 2044 751 2114 quoque
767 2021 923 2105 accessit,
943 2035 981 2089 ut
995 2020 1038 2088 ad
1056 2022 1181 2091 AEthio·

119 2153 179 2223 pas
186 2151 289 2221 usque
296 2123 491 2221 peteretur²,
499 2126 589 2220 quod
599 2125 722 2196 faceret
734 2111 917 2195 marmora³
927 2151 934 2192 :
943 2127 1045 2197 immo
1053 2153 1133 2198 vero
1148 2131 1182 2198 in

160 2344 187 2394 7.
195 2321 431 2377 Nasutum-..inlidi
439 2321 592 2391 imulnlleg.
602 2341 628 2387 s,
672 2319 784 2385 dicitur,
797 2339 857 2393 quta
868 2321 1003 2376 interduo
1016 2341 1114 2378 cornua
1124 2344 1183 2395 per·

118 2417 146 2457 et
161 2399 240 2457 Cnlb.
252 2402 287 2466 3,
301 2406 327 2454 in
338 2401 400 2454 Nilo
412 2401 499 2453 insula.
512 2400 637 2466 Pinum,
672 2398 803 2454 tenditur.
819 2401 909 2455 Hiran.

119 2481 277 2552 conjiciebat
291 2481 393 2533 risto
402 2480 453 2551 legi
467 2499 544 2551 posse
555 2497 630 2532 com-
715 2494 760 2534 rt.
776 2479 868 2533 Glebis.
895 2479 1020 2532 Molibus.
1038 2481 1130 2534 lisso.
1167 2531 1171 2538 ,

121 2564 236 2617 modius.
254 2562 311 2616 Nos
329 2562 355 2613 ia
371 2559 450 2624 Clu,
461 2558 565 2614 Isidoro
581 2580 628 2613 au·
715 2557 1181 2629 aminCapitolinffidemlovis'l'o·

120 2657 208 2705 σωκ,
230 2640 278 2713 qui
295 2642 368 2693 bunc
382 2639 472 2693 locum
483 2639 627 2710 exscripsit.
671 2640 758 2694 nantis
769 2640 799 2693 in
812 2640 945 2711 Capitolio
955 2642 1083 2693 exstruxit
1092 2644 1181 2712 Augu-

121 2722 209 2777 Hnn.
218 2752 259 2764 —
273 2722 303 2773 la
314 2720 368 2773 Nili
380 2720 467 2772 iuuls.
482 2719 554 2771 Male
563 2717 627 2773 edit.
672 2732 735 2772 stus.
751 2720 1015 2789 Suetou.cap.xx1x.
1030 2718 1181 2773 Marmorare

122 2803 205 2874 princ.
223 2804 248 2852 ia
261 2800 337 2854 Melo.
350 2800 423 2853 Brot.
439 2818 471 2852 ex
489 2796 586 2867 isidor.
604 2802 629 2851 in
672 2816 753 2870 porro
773 2796 866 2851 dixere
890 2798 1012 2863 Veteres,
1035 2800 1107 2873 quod
1132 2820 1181 2854 uos

123 2882 184 2935 clio
199 2881 287 2934 insuta
310 2879 373 2949 Ipse
395 2878 511 2944 Plinius,
531 2878 580 2932 lib.
593 2879 629 2943 V,
673 2876 773 2931 deinde
787 2882 876 2929 vestire
889 2898 1010 2933 mamere.
1027 2880 1059 2931 ln
1077 2894 1180 2935 vetusto

120 2981 178 3033 cap.
199 2960 254 3023 ³8,
276 2959 362 3013 clim
380 2977 484 3011 marmor
497 2976 628 3011 memora·
673 2956 762 3029 lepide
774 2956 847 3028 apud
860 2956 939 3011 Grut.
955 2977 982 3030 p.
1000 2978 1069 3027 129:
1085 2978 1180 3013 innare

121 3041 167 3095 rit.
180 3040 233 3093 Eu.
514 3066 518 3071 ·
673 3054 867 3091 mossur.
880 3038 972 3090 Hsan.

162 3122 188 3174 8.
199 3118 244 3172 Ab
257 3130 364 3170 amatore
373 3137 456 3171 nomen
469 3120 569 3188 aceepit.
580 3117 631 3170 Lu·
717 3118 761 3171 13.
773 3117 900 3169 Invemrat
908 3118 991 3170 Italia.
1004 3118 1140 3171 Broterius
1149 3138 1182 3171 ex

122 3200 192 3253 tullo
205 3196 340 3262 videlicet,
350 3197 397 3268 qui
405 3195 550 3251 admodum
560 3194 630 3251 dele·
674 3198 755 3268 Regg.
768 3194 903 3249 codicibus
919 3218 933 3250 2
947 3210 975 3249 et
984 3197 1000 3250 3
1009 3206 1018 3260 ,⁸
1028 3200 1132 3266 uestigia
1143 3202 1181 3250 in·

122 3291 208 3333 cutus
220 3278 276 3331 illo.
287 3277 330 3330 Sic
344 3275 478 3343 Isidorus,
491 3277 543 3329 loc.
556 3277 630 3329 citat.
675 3280 741 3329 ossio
754 3279 780 3327 in
794 3276 879 3331 Italia.
890 3275 942 3329 Eu.

125 3358 290 3427 -sotumque
302 3374 377 3426 pane
397 3356 450 3409 hoe
464 3373 585 3409 marmor
596 3357 630 3407 ab
712 3356 761 3407 tx.
774 3373 799 3407 ι.
811 3356 910 3407 Tracta.
924 3356 995 3407 Dum
1006 3355 1121 3409 trahitur
1129 3376 1182 3411 ser·

122 3450 241 3493 amatore
255 3454 353 3489 nomeu
366 3435 475 3506 accepit.
485 3461 497 3482 ι
511 3434 601 3489 ilcan.
674 3453 717 3498 ra,
731 3446 814 3499 secat,
827 3432 974 3505 premendo
984 3452 1074 3489 menas
1086 3451 1182 3507 prsete-

162 3537 189 3587 9.
203 3518 273 3569 Inter
291 3515 333 3567 Isos
350 3518 469 3587 primum,
488 3526 538 3568 etc.
558 3516 632 3567 luter
673 3514 722 3567 nui
734 3514 791 3567 scie
804 3514 965 3567 suafldsnn.

123 3596 219 3667 Lepidi
235 3608 262 3648 et
272 3594 377 3647 Luculli
390 3592 564 3648 consulatum.
576 3594 630 3664 Igi·
716 3611 742 3645 a.
760 3592 795 3645 Ut
812 3592 847 3643 ad
859 3592 991 3663 AEtlsiapas
1010 3614 1082 3667 mque
1091 3607 1183 3664 petere·

122 3690 176 3743 tur,
188 3694 260 3729 auno
273 3676 328 3728 iere
341 3674 377 3725 U.
391 3674 449 3743 ¹⁶7⁸
459 3711 467 3738 ,
479 3671 629 3727 editiorem
675 3684 723 3725 tar·
739 3671 845 3725 Similes
858 3672 987 3743 loquendi
1007 3673 1134 3727 formulas
1151 3692 1183 3726 ex

123 3755 249 3827 gessitbi.
261 3756 388 3819 Scaurus,
400 3772 480 3825 quam
492 3753 520 3805 in
530 3769 630 3807 anuum
674 3752 795 3807 Pliniana
809 3751 901 3807 Iudice
915 3766 985 3823 pete.
997 3753 1094 3806 iliam

123 3834 221 3887 abhinc
242 3831 487 3887 duodevicesimam
507 3851 540 3885 ex
559 3831 632 3885 insui
716 3832 743 3885 3.
771 3832 845 3899 Quod
865 3832 960 3899 faceret
987 3851 1113 3883 marmora.
1141 3829 1184 3883 Sic

125 3916 276 3983 conjectura
286 3912 373 3983 rejicit
383 3912 494 3983 Pighius
507 3912 534 3964 in
546 3915 633 3963 Anna·
675 3912 756 3965 etiam
778 3911 856 3963 MSS.
882 3912 977 3976 Forte,
1003 3912 1069 3981 quod
1086 3923 1185 3964 secaret.

124 3994 208 4058 libus,
221 3993 273 4046 boc
288 3993 384 4059 est,in
398 3991 633 4051 consulatumGa·
677 3990 741 4051 Vel,
765 3990 830 4060 quod
843 3991 969 4047 laceraret.
991 3990 1044 4045 Sed
1060 4004 1085 4043 et
1093 3992 1188 4057 fuceret

125 4072 190 4127 binii
204 4085 232 4125 et
245 4072 363 4137 Pisonis,
376 4071 502 4127 auuoU.
519 4076 582 4139 696.
597 4071 632 4124 Η.
677 4088 784 4141 quoque
797 4070 922 4135 sstisiacit
942 4088 950 4123 ε
971 4083 1010 4123 est
1025 4071 1095 4123 enim
1104 4071 1188 4138 facere

168 4172 211 4205 so.
227 4151 314 4205 Sana.
328 4153 410 4205 Sceua
425 4151 521 4205 theatri
535 4169 634 4221 persea
678 4168 811 4212 nemora,
827 4166 859 4203 ex
878 4149 992 4205 rudibus
1008 4150 1189 4221 impolitisque

200 4252 266 4321 IX.
1026 4246 1070 4317 30
