3100 5125
503 458 661 552 urium
685 485 867 553 xxxvi.
1147 489 1218 583 493

153 616 300 689 vocavi¹⁷
328 640 464 702 nomos,
491 615 633 686 sedecim
667 603 887 686 nominibus¹⁸
916 641 1049 705 earum,
1080 619 1216 692 totidem

152 723 415 796 vastisdomibus
427 722 592 791 attributis
605 748 612 790 :
626 725 784 818 preterea
800 721 921 818 templa
930 725 1077 794 omnium
1085 727 1217 822 AEgypti

150 831 287 901 deorum
298 831 482 908 contineat,
497 851 661 923 superque
672 832 705 898 N
707 829 859 900 emeses'⁹
872 831 1059 925 quindecim
1072 832 1216 903 aediculis

150 936 330 1022 incluserit,
339 933 744 1030 pyramides²⁰complures
754 936 1039 1032 quadragenarum
1050 936 1216 1022 ulnarum,

149 1068 243 1114 senas
260 1039 440 1112 radicum²¹
464 1065 538 1110 oras
561 1041 758 1112 obtinentes.
774 1044 863 1114 Fessi
884 1043 952 1136 jam
977 1043 1086 1113 eundo
1105 1070 1249 1139 perro-4

148 1152 245 1218 niunt
262 1147 303 1217 ad
326 1150 453 1217 viarum
476 1145 567 1216 illum
589 1147 850 1243 inexplicabilem
882 1175 1040 1219 errorem.
1071 1149 1161 1240 Quin
1183 1167 1216 1223 et

146 1253 317 1324 coenacula
336 1255 429 1349 prius
448 1253 623 1339 excelsa²²‚
644 1257 858 1350 porticusque
879 1256 1102 1326 ascenduntur
1117 1281 1215 1326 nona·

145 1364 238 1455 genis
245 1360 404 1456 gradibus
415 1385 531 1430 omnes
543 1385 551 1428 :
565 1361 654 1430 intus
662 1360 874 1432 columnaede
883 1363 1078 1458 porphyrite
1092 1362 1214 1458 lapide,

144 1467 285 1538 deorum
305 1465 498 1549 simulacra,
517 1491 633 1562 regum
654 1481 787 1554 statute,
808 1457 1056 1538 monstriferae²³
1078 1469 1213 1565 effigies.

144 1572 373 1662 Quorumdam
390 1586 502 1642 autern
518 1572 693 1647 domorum
710 1574 784 1644 talis
802 1588 851 1644 est
863 1577 962 1662 situs,
978 1589 1015 1643 ut
1029 1574 1216 1669 adaperien-

142 1680 232 1750 tibus
246 1680 345 1764 fores,
354 1679 536 1748 tonitruum
548 1679 637 1750 intus
648 1680 795 1750 terribile
803 1683 945 1750 exsistat.
957 1681 1088 1774 Majore
1104 1697 1213 1754 autern
1234 1700 1249 1752 5

142 1787 177 1855 in
192 1801 288 1882 parte
304 1787 460 1854 transitus
474 1799 524 1853 est
541 1786 772 1879 pertenebras
787 1813 794 1855 :
808 1786 945 1881 aliteque
954 1781 978 1822 ²¹⁸
996 1813 1109 1858 rursus
1122 1804 1214 1860 extra

141 1917 276 1963 murum
291 1890 470 1985 labyrinthi
489 1890 704 1962 aedificiorum
720 1893 846 1978 moles;
866 1883 1011 1988 pteron²⁵
1033 1895 1212 1990 appellant.

185 2073 229 2126 ¹7·
245 2055 315 2124 Ques
328 2056 421 2105 vocavi.
434 2051 526 2104 Linv
544 2047 656 2117 seilicet,
696 2055 775 2119 aaa,
790 2067 816 2107 et
831 2071 917 2107 moxe
929 2055 993 2125 lleg.
1010 2053 1041 2119 5,
1053 2065 1080 2107 et
1095 2053 1212 2110 editione

139 2153 201 2206 etp.
224 2151 267 2202 tp.
286 2133 330 2185 Sic
348 2152 432 2204 porro
453 2132 529 2185 MSS.
549 2151 604 2185 noo
624 2146 656 2186 ut
694 2133 835 2204 principe,
846 2136 954 2204 porticus
966 2153 1058 2208 quoque
1067 2135 1212 2188 descenden-

138 2213 224 2277 editi,
236 2234 296 2286 quas
309 2224 408 2264 vocam.
422 2213 513 2265 Hann.
695 2214 839 2279 iun-irem,
856 2240 866 2262 ι
880 2214 1024 2283 nonagenis
1039 2213 1181 2286 gradibue3
1195 2241 1206 2262 .

184 2295 229 2348 18.
254 2293 362 2347 Sedecim
387 2292 528 2344 nominibus
548 2289 652 2362 Viginti
694 2311 793 2364 nempe
807 2301 842 2364 τῷ
856 2313 935 2366 omnes
948 2293 1053 2346 omisso.
1068 2295 1121 2346 En.

137 2373 374 2444 septem,Strabo:
388 2370 548 2432 duodecim,
566 2371 652 2445 licro-
735 2373 781 2426 23,
796 2373 961 2443 Monstrisemr
971 2371 1071 2442 effigies.
1083 2372 1168 2426 Grou.
1183 2386 1209 2427 et

136 2453 231 2519 dotus,
242 2466 269 2506 et
277 2453 304 2506 iu
317 2452 349 2505 iis
358 2451 467 2506 edificia
479 2452 650 2516 aeonum.
694 2451 736 2508 At.
751 2452 915 2522 monstrificoe.
929 2453 979 2504 En.
1085 2495 1088 2506 .

182 2551 229 2604 19.
242 2534 360 2587 Nemetes.
371 2533 411 2585 De
421 2531 529 2585 Nemesi
537 2529 652 2585 diximus
738 2539 781 2597 od.
795 2533 915 2605 Aliaeque.
927 2531 1031 2584 Broter.
1044 2531 1103 2585 olioe
1116 2552 1206 2598 rursus,

136 2632 196 2686 cup,
213 2616 229 2669 5
245 2614 306 2666 libri
323 2615 410 2683 hujus.
426 2612 516 2665 Hinn.
692 2611 780 2667 deleta
792 2614 897 2685 copula.
913 2612 965 2666 En.

179 2713 225 2749 ao.
252 2693 395 2765 Pyramides
422 2692 571 2762 comptum,
598 2705 649 2744 ete.
734 2694 781 2747 25.
793 2693 884 2747 Pteron
900 2690 1032 2762 appellunt.
1047 2690 1146 2762 lIttpit,
1163 2692 1205 2745 in·

135 2773 178 2827 ud
207 2775 335 2845 ungulum
355 2773 448 2825 finitur
471 2771 648 2842 labyrinthus.
690 2772 749 2845 quit
765 2773 876 2837 Strabo,
902 2770 987 2843 irrideo
1011 2778 1047 2843 τῷ
1065 2780 1111 2841 νεῷ
1134 2774 1203 2841 τείχη

134 2851 648 2923 Herodotusseribitpyramidemiuisse
689 2846 752 2927 tte,
772 2854 830 2905 κατ’
848 2852 925 2921 ἀρχὰς
942 2852 984 2921 μὲν
1002 2854 1136 2921 ἀφεστῶτα
1158 2854 1203 2907 ἀπ’

134 2930 531 3005 quadragintapassuum.lden1
540 2931 647 2997 Strabo,
690 2934 797 2987 &initus
821 2943 903 3003 priapos
926 2934 998 2987 πλέον
1020 2932 1037 2989 ἢ
1057 2934 1085 2983 rb
1109 2930 1203 2995 πλοίτος

134 3013 183 3067 sed
198 3011 404 3085 ejusquadrntn
426 3009 566 3082 quodlibet
580 3012 648 3067 latus
689 3012 742 3066 ieri
758 3019 802 3075 τῆς
823 3008 941 3089 κοηῃπίδος
961 3017 1003 3065 τοῦ
1022 3017 1086 3064 νοῶ·
1114 3013 1202 3065 ἕποιτο

133 3106 250 3163 quatuor
260 3096 386 3164 jugerum
398 3092 480 3144 fuisse
490 3092 547 3162 pari
558 3092 647 3145 altitu-
688 3093 721 3153 εἰς
732 3093 761 3145 τὸ
773 3094 876 3165 epictet
886 3096 1004 3164 προϊόντα
1012 3080 1070 3143 κατ’
1081 3093 1201 3145 inctructi-

133 3171 200 3227 dine
212 3187 239 3227 et
252 3174 281 3227 in
299 3191 329 3227 ea
340 3171 474 3243 sepultum
495 3169 644 3224 Imandem.
687 3191 734 3234 crte
747 3173 865 3244 γραμμὰς
877 3175 948 3246 μέχρι
960 3174 1056 3240 πηχέων
1070 3170 1202 3228 πονο-οἷκον·

133 3254 211 3307 Alias
232 3251 385 3325 pyramides
408 3263 506 3322 praeter
533 3252 646 3304 camilli
686 3250 1199 3317 re,hiitiaoire,x.t.t.uAlte,muri

133 3333 276 3404 scriptores
286 3331 471 3387 nonrecitaut.
485 3332 554 3385 Dic.
687 3330 741 3385 duo
755 3344 832 3385 sunt:
851 3332 951 3406 templo
964 3350 1038 3403 pares
1046 3330 1200 3397 altitudine,

177 3413 305 3469 nescios
317 3402 645 3482 radicemuros(ticprius).
686 3412 773 3483 prima
796 3425 822 3465 et
836 3410 927 3465 infima
949 3402 1023 3483 parte
1045 3410 1124 3481 paulo
1141 3404 1204 3483 plus

132 3494 243 3558 Scribe,
255 3512 350 3546 ⁸sentin
364 3490 485 3545 radicum
501 3509 594 3556 oras,·
612 3510 644 3545 ex
686 3489 853 3544 distantesnb
864 3491 993 3551 invicem,
1014 3509 1093 3562 quern
1106 3491 1154 3543 lata
1166 3490 1201 3543 eit

132 3585 186 3627 vet.
194 3573 359 3644 apographo.
371 3574 496 3643 Prnnf-
507 3569 591 3626 Senni-
604 3573 644 3625 lta
686 3569 796 3640 crepido
811 3570 903 3641 templi
914 3570 1027 3625 :deinde
1041 3570 1154 3623 curvatis
1166 3570 1197 3622 li-

131 3654 203 3707 elare
212 3653 288 3707 MSS.
301 3671 402 3705 omues.
412 3648 457 3705 Ad
469 3648 585 3704 radicem
596 3671 644 3723 py·
685 3650 742 3703 ueis
752 3648 927 3723 procedentes
937 3670 966 3705 oe
973 3650 1154 3722 prominentes
1165 3648 1197 3701 ad

131 3732 241 3785 umidis
253 3732 365 3802 intelligi
379 3733 413 3783 ab
427 3750 459 3783 eo
473 3731 642 3793 arbitremur,
686 3732 878 3802 quinquaginta
894 3750 977 3803 usqne
999 3728 1041 3781 vel
1062 3728 1196 3799 sexaginta

130 3812 286 3883 spatiosiora
294 3811 478 3874 fundamenta,
486 3829 535 3863 ceu
546 3809 643 3881 gradus
685 3811 802 3874 cubitos,
813 3824 864 3865 etc.
876 3837 887 3857 ι
903 3812 969 3863 Dar..
981 3841 1021 3849 -
1032 3808 1128 3859 Pteron.
1140 3808 1197 3860 Pte·

131 3892 276 3964 quosdam,
288 3911 337 3963 per
349 3910 416 3963 quos
432 3890 555 3943 introitus
564 3908 644 3961 pyra·
684 3908 751 3948 ron,
766 3890 843 3961 quale
857 3895 938 3961 supra
949 3888 1122 3951 describitur,
1138 3906 1197 3939 om-

131 3972 212 4027 midis
225 3983 368 4043 peteretur.
379 3970 468 4023 ilino.
685 3970 749 4022 nino
769 3970 803 4021 ab
827 3988 859 4023 eo
882 3968 1015 4022 diversum
1041 3984 1097 4019 esse
1123 3968 1199 4041 cujus

170 4073 217 4108 os.
233 4052 440 4121 Coeoawlapries
452 4050 554 4103 excelsa.
567 4051 640 4104 Erot.
684 4068 756 4101 nuuc
772 4048 870 4102 Noster
886 4047 1019 4111 meminit,
1038 4064 1124 4116 neque
1139 4066 1197 4103 om·

129 4152 161 4189 ex
173 4134 240 4205 Reg.
257 4129 319 4186 cod.
337 4152 369 4195 ο,
381 4130 506 4183 camaria
519 4131 585 4182 elion
598 4149 641 4181 es·
685 4130 749 4183 nino
759 4146 821 4181 cum
837 4126 1014 4199 descriptione
1026 4140 1053 4179 et
1065 4140 1197 4209 structura
