3100 5125
501 431 660 500 mnan
685 430 845 504 xxxv.
972 423 975 430 ’
1095 426 1196 528 ·399
1243 531 1247 542 Ι

121 565 297 639 histrionis
307 568 344 634 in
356 573 476 634 nutu'ra
488 552 631 632 avium¹⁴
651 563 836 644 diceremus
850 561 1040 632 sestertiisc
1054 563 1195 654 stetisse,

121 699 196 744 non
212 674 330 744 dubito
345 670 535 773 indignatos
550 669 704 766 legentes.
721 673 764 738 At
776 667 952 751 Hercules,
969 656 1147 762 Vitellius²⁵
1161 673 1195 740 in

121 777 315 875 principatu
329 803 390 848 suo
399 801 423 845 x
439 777 594 846 sestertiis
603 765 776 846 condidit²⁶
785 771 1197 871 patinam²⁷‚cuifaciendae

124 887 248 956 fornax
269 887 301 954 in
325 886 452 978 campis
470 882 672 953 exaedificata
690 897 762 952 erut
778 904 786 947 τ
805 882 959 976 quoniam
983 905 1023 950 eo
1045 886 1197 977 pervenit

124 991 281 1077 luxuria,
299 1006 337 1060 ut
352 993 451 1062 etiam
463 988 576 1068 fictilia
589 987 693 1083 pluris
705 1002 878 1075 constent,
894 1011 994 1082 quam
1012 991 1195 1060 murrhina.

124 1233 181 1286 pro
196 1213 364 1284 manupretio
377 1210 469 1264 datum
483 1229 539 1264 esse
558 1209 642 1280 figulo
684 1211 727 1262 vel
741 1209 905 1280 pretorianis
917 1209 1057 1264 militibus.
1068 1211 1197 1269 Hadriani

125 1295 177 1365 qui
194 1311 252 1346 earn
267 1311 299 1346 ex
317 1293 400 1344 humo
418 1289 511 1356 duxit,
525 1309 579 1344 non
592 1308 643 1360 pso
683 1307 813 1342 nummus
838 1301 877 1342 eat
899 1307 932 1342 ex
957 1308 1008 1344 ere
1036 1309 1148 1362 magno,
1168 1294 1197 1348 in

126 1373 225 1426 avibus
236 1389 302 1444 quas
316 1371 344 1424 in
360 1389 390 1424 es
401 1370 492 1442 posuit
506 1373 641 1441 AEsopus:
684 1369 780 1424 Museo
796 1381 889 1422 nostro
908 1381 935 1422 et
955 1369 1027 1441 apud
1047 1370 1197 1442 Angeloni,

127 1453 247 1524 pretium
263 1452 345 1523 igitur
357 1451 428 1504 illius
441 1450 556 1521 patinae,
570 1447 644 1520 quod
685 1467 745 1520 pag.
760 1455 831 1520 147:
846 1449 990 1503 Commodi
1006 1467 1038 1502 ex
1052 1469 1104 1504 ere
1116 1453 1196 1505 maxi·

127 1551 183 1604 pro
195 1548 226 1585 ea
243 1529 400 1584 exstruenda
414 1529 511 1600 figulus
523 1530 643 1600 accepit,
686 1546 750 1592 mo,
763 1528 793 1581 in
811 1528 882 1582 Gaza
896 1529 976 1598 liegia
992 1549 998 1581 :
1014 1529 1144 1584 Gordiani
1158 1533 1198 1586 Pii

126 1623 237 1666 eentum
250 1611 370 1664 sestertia
378 1610 470 1673 fuere,
484 1609 539 1662 site
549 1621 645 1662 sester-
685 1607 887 1668 Felicinexasre
899 1608 979 1660 simili
988 1607 1061 1680 apud
1070 1611 1104 1664 D.
1114 1612 1199 1666 Vass-

128 1693 232 1746 tiorum
252 1708 393 1744 nummum
412 1700 521 1743 centum
544 1687 644 1754 millia3
684 1706 768 1752 nm,
780 1707 839 1760 psg.
853 1705 924 1758 ²²9³
941 1685 1057 1760 denique
1069 1689 1149 1744 Probi
1165 1709 1199 1746 ex

127 1788 307 1843 quosnmms
327 1785 470 1822 aureorum
491 1779 644 1822 nostrorum
686 1765 781 1821 eodem
806 1787 874 1836 ere,
896 1767 925 1820 in
947 1769 1083 1822 'lbesauro
1106 1771 1198 1842 Regio.

129 1851 194 1906 ficit
208 1851 250 1904 bis
265 1849 339 1902 mille
349 1848 551 1920 etqningentoa.
563 1848 644 1902 Sslm.
685 1847 745 1900 alis
758 1861 822 1901 sunt
836 1849 893 1918 ejus
905 1847 945 1900 rei
964 1862 1120 1920 argumenta
1137 1851 1198 1920 plu·

131 1929 161 1983 in
171 1929 283 1983 Termll.
297 1928 364 1982 Pall.
378 1946 439 2000 pag.
460 1926 514 1990 45⁵
531 1945 592 1997 sqq.
606 1957 645 1972 -
685 1927 770 1990 rima,
781 1926 827 2002 sed
838 1944 892 1981 non
904 1927 983 1999 bujus
993 1928 1054 1983 loci.
1068 1927 1159 1985 ldsan.

130 2009 199 2065 Nm
211 2029 272 2073 aes,
284 2020 336 2062 etc.
351 2008 383 2060 ln
397 2011 496 2077 AEsopo
516 2006 646 2061 histrione
728 2010 773 2059 οδ.
791 2009 819 2055 Χ
829 2006 889 2061 115
902 2007 1011 2060 condidit
1019 2012 1141 2080 patinam.
1151 2011 1198 2065 sie

131 2089 250 2161 parmam
267 2087 644 2156 unamlerrevixpctuimus:
685 2086 751 2156 lleg.
776 2106 808 2152 a,
830 2100 858 2140 et
880 2087 946 2153 aliie
964 2107 1034 2152 non,
1061 2101 1092 2142 ut
1117 2089 1197 2158 editi,

132 2169 161 2222 in
174 2168 338 2240 philosopho
348 2167 425 2221 Lxx
436 2167 497 2238 quis
512 2166 597 2220 ferat?
610 2165 644 2220 Η.
688 2165 736 2220 CC
748 2169 868 2221 sestertiis.
884 2167 929 2220 Sic
943 2168 1021 2222 etiam
1035 2166 1149 2223 Budaeus
1168 2172 1197 2224 in

175 2256 221 2311 ai.
231 2249 263 2300 Is
273 2260 363 2302 meurs
374 2250 461 2300 scium.
470 2246 531 2298 Lib.
540 2246 646 2310 xvlll,
686 2245 797 2300 raucus
823 2246 1018 2316 exemplaribus
1039 2246 1121 2314 vidit,
1141 2250 1199 2322 ipso

135 2345 182 2398 72.
196 2329 291 2382 Hsan.
686 2328 723 2378 ita
730 2323 877 2396 prodente,
887 2327 935 2380 lib.
943 2327 993 2390 lV,
1007 2345 1070 2382 rsa.
1081 2329 1199 2395 licceat,

176 2407 223 2463 25.
240 2407 360 2460 lisellius.
375 2412 404 2459 Δ.
417 2403 542 2473 Vitellius
559 2404 647 2476 impe·
687 2403 775 2460 decies
786 2406 950 2470 sestertium,
961 2406 1031 2470 sive,
1042 2405 1114 2477 quod
1126 2407 1199 2464 idem

134 2499 208 2540 rator
234 2487 278 2541 cui
307 2485 483 2556 Vespasianus
512 2486 646 2538 successit.
688 2497 740 2546 est.
755 2483 844 2538 decies
854 2485 972 2538 centenis
985 2485 1101 2541 millibus
1110 2501 1201 2542 aester.

133 2570 203 2621 Ante
220 2566 413 2637 Vespasianum
438 2565 484 2636 qui
509 2583 649 2636 praecesse·
688 2564 767 2619 tium.
784 2566 825 2617 De
839 2564 888 2618 bac
906 2566 998 2635 patina
1012 2565 1085 2619 Suet.
1104 2567 1132 2621 iu
1147 2569 1199 2623 sita

133 2660 198 2701 rnnt
218 2646 350 2718 Augusti,
371 2644 506 2715 principes
525 2662 539 2696 a
559 2645 648 2697 Plinio
688 2644 807 2708 Vitellii,
820 2662 873 2699 asu
886 2662 893 2697 ε
906 2670 917 2693 ι
928 2644 1200 2720 Famcsissimaanper

134 2738 236 2784 tantum
244 2725 423 2797 appellantur,
432 2742 579 2795 numquam
592 2725 648 2779 iere
688 2737 795 2777 caterae
807 2724 857 2777 luit
867 2742 941 2779 cona
952 2725 977 2777 ei
987 2723 1047 2779 dats
1057 2724 1201 2783 adventitia

133 2807 308 2879 imperatores
320 2823 327 2857 t
339 2824 391 2877 qna
402 2822 495 2868 causa,
507 2804 646 2859 incertum.
688 2821 704 2857 a
716 2802 905 2859 fratre...llanc
916 2823 1024 2876 quoque
1035 2809 1201 2878 exsuperavit

135 2890 168 2940 tt
187 2884 259 2941 illud
273 2885 302 2939 in
315 2884 435 2939 confesso
454 2902 509 2938 esse
523 2898 645 2956 oportet,
686 2883 744 2955 ipse
761 2882 930 2939 dedicatione
947 2885 1058 2956 patina,
1073 2905 1153 2958 quam
1164 2888 1200 2941 ob

133 2966 302 3038 principibus
316 2964 575 3036 imperatoribusque
584 2965 648 3036 ipsis
682 2964 844 3018 immensam
853 2963 1065 3035 magnitudinem
1076 2965 1199 3038 clypeum

132 3047 298 3118 superiorem
316 3063 421 3116 semper
444 3042 570 3097 exstitisse
589 3063 646 3098 rem
686 3044 833 3109 Minervae,
847 3040 1083 3115 οἶγίδοπολιοὺχου,
1095 3044 1200 3101 dictita·

134 3126 270 3196 publicam
301 3142 310 3181 t
337 3125 473 3196 principes
500 3124 647 3194 appellatus
686 3117 1195 3194 bat.1nhscacarorumjecincra‚etc.·

135 3206 236 3271 taine,
268 3205 394 3277 quoniam
423 3215 509 3256 essent
541 3215 646 3257 senatus
686 3203 722 3255 Et
731 3222 755 3257 c.
770 3202 1201 3279 xr11,nbideconsiciis,quilius

135 3286 289 3355 principes,
305 3298 336 3337 ut
353 3285 426 3337 icere
440 3282 469 3335 in
487 3281 646 3347 Hollandia,
689 3302 704 3338 a
719 3284 797 3355 plebe
808 3284 924 3337 moriens
934 3284 1122 3349 incessebatur,
1134 3286 1201 3357 pati·

133 3364 297 3419 Sudhaudesi
320 3383 330 3417 :
353 3364 545 3434 imperatores,
573 3361 647 3434 quod
689 3364 796 3417 narium
808 3375 992 3435 nuncupatum
1002 3363 1090 3419 tradit.
1100 3366 1190 3419 lisan.

134 3445 298 3499 exercitibus
319 3444 471 3516 reipublice
490 3456 647 3512 praeessent,
700 3462 704 3472 ¹
733 3462 780 3513 ²7·
796 3442 920 3497 Patianm.
939 3444 1006 3497 Eam
1026 3445 1146 3516 patinam
1165 3446 1201 3499 ob

135 3544 204 3594 quos
217 3525 289 3578 Galli
302 3522 432 3587 dicimus,
449 3523 644 3593 gisimlissimes.
691 3521 849 3577 immensam
869 3522 1094 3595 magnitudinem,
1114 3521 1201 3596 αἰγίδα

135 3604 405 3676 Testesprarteralios
411 3610 567 3657 innumeros
572 3621 648 3657 num·
690 3604 837 3671 πολιούχου,
850 3602 966 3659 Minerva
974 3600 1080 3676 elypeum
1090 3605 1200 3658 vocavit

136 3684 174 3737 mi
186 3697 248 3739 sunt
259 3696 374 3754 quatuor
388 3703 396 3738 t
410 3680 552 3747 Hadriani,
566 3684 648 3738 Com·
691 3682 725 3735 ln
744 3701 774 3737 es
792 3683 901 3737 inerunt
911 3702 1048 3737 scarorum
1067 3684 1200 3751 jecinora,

137 3762 230 3829 modi,
243 3762 389 3828 Gordiani,
403 3776 430 3816 et
438 3764 534 3829 Proui,
548 3764 577 3817 in
587 3765 647 3835 qui·
690 3763 1054 3835 phasianorumetpssonum
1061 3762 1203 3827 cerebella,

137 3842 188 3897 bns
207 3843 318 3914 Augusti
333 3855 431 3897 stantes
449 3841 526 3896 nudo
546 3846 647 3914 capite,
691 3842 950 3913 pbmnicopterorum
971 3842 1084 3913 lingum,
1106 3859 1202 3895 murn-

136 3923 173 3975 ab
181 3925 268 3977 Roma
278 3922 386 3977 sedente
395 3936 422 3976 et
432 3923 545 3995 galeata,
554 3924 647 3977 orbem
689 3940 785 3976 narum
801 3920 897 3988 lactes,
909 3935 936 3976 et
948 3920 977 3975 id
990 3938 1074 3993 genus
1086 3900 1130 3973 effi
1140 3940 1203 3992 pro-

138 4021 278 4057 romanum
304 4002 451 4074 regendum
478 4003 612 4072 accipiunt
639 4020 645 4054 :
693 3999 791 4073 digiosi
804 4003 866 4056 cibi.
882 4001 1026 4057 Suetonius
1036 4001 1064 4055 in
1077 4001 1202 4067 Vitellio,

135 4079 305 4137 fluentibus
316 4084 357 4137 sel
369 4084 436 4137 Pace
445 4100 508 4135 cum
521 4081 649 4145 Victoria,
692 4080 744 4135 loc.
757 4082 803 4135 cit.
817 4083 885 4135 Dar..
