3100 5125
325 443 420 563 '620-
614 497 652 564 c.
680 499 845 568 rmmt
871 499 980 566 um.
1008 498 1136 565 ntsr.
1230 453 1238 458 ’

345 628 380 694 in
397 613 521 715 sarda⁴‚
533 627 598 697 hoc
609 643 676 712 est,
693 628 783 699 velut
796 630 950 702 carnibus
967 611 1078 722 ubgue
1096 626 1223 696 bomini
1239 625 1410 722 imposito,

312 746 379 801 set
391 747 532 827 utroque
552 733 760 804 translucido.
783 735 878 806 Tales
894 761 964 806 esse
985 734 1113 804 Indicas
1136 731 1287 817 tradunt,
1307 735 1407 800 lsmc·

344 841 431 924 nias,
446 843 695 927 Demostratus,
719 843 944 924 Zenothemis,
968 844 1126 910 Sotacusz
1140 819 1175 906 bi
1191 837 1324 931 quidem
1340 838 1408 906 duo

344 944 486 1038 reliquas
504 970 711 1039 omnesquae
728 973 796 1016 non
815 947 1050 1030 transluceant,
1063 969 1166 1016 caecas
1184 941 1407 1037 appellantes,

343 1074 513 1144 quaenunc
526 1076 649 1120 nomen
661 1052 836 1122 abstulere.
858 1051 958 1123 Nullo
973 1052 1141 1122 sardarum
1158 1035 1310 1142 vestigio⁵
1326 1051 1405 1116 Ara·

254 1199 259 1208 ·
344 1156 427 1226 bicae
450 1172 528 1226 sunt
549 1183 556 1225 :
578 1174 815 1253 coeperuntque
840 1158 988 1254 pluribus
1013 1158 1064 1226 hoe
1076 1181 1222 1251 gemmae
1239 1153 1406 1223 coloribus

344 1261 498 1356 intelligi,
515 1261 624 1333 radice
647 1265 759 1359 nigra,
780 1281 839 1334 aut
858 1264 1034 1335 caeruleum
1058 1264 1226 1343 imitante,
1242 1274 1277 1328 ct
1297 1285 1407 1353 ungue

248 1443 252 1453 ¹
344 1353 512 1451 minium⁶‚
527 1369 688 1438 incretum
704 1371 844 1440 candido
860 1370 998 1468 pinget,
1017 1394 1078 1438 uec
1096 1369 1165 1438 sine
1186 1365 1329 1460 quadam
1350 1391 1406 1460 spe

342 1520 398 1575 dno
419 1522 541 1589 nomina,
566 1523 670 1600 serdus,
688 1543 820 1597 onquue.
836 1551 847 1572 ι
896 1543 956 1596 qum
975 1543 1082 1579 curnem
1101 1523 1190 1576 colore
1208 1521 1406 1576 referret:sar·

343 1602 442 1656 Grecis
462 1600 598 1675 eapds'uui',
618 1605 714 1659 uostris
730 1605 850 1660 sardoine.
895 1603 1206 1675 donyehemmordom,
1222 1603 1407 1666 redolemu-

343 1680 434 1735 Hano.
894 1687 936 1754 jus
957 1702 1066 1738 carneus
1092 1683 1166 1736 color
1193 1695 1266 1736 tram
1292 1701 1405 1754 mtguem

385 1766 411 1823 4.
430 1761 461 1813 Io
479 1761 561 1814 sarde
581 1762 640 1815 Hoc
660 1775 714 1827 est,
736 1761 852 1817 candore
895 1765 999 1816 elucere
1010 1761 1158 1817 ridebatur.
1168 1763 1222 1814 En.

343 1837 435 1892 addito
446 1841 528 1894 colori
537 1840 791 1911 ordegemmaeme
800 1861 852 1914 qua
942 1844 968 1896 5.
984 1842 1059 1895 Nullo
1076 1842 1202 1894 sardarum
1216 1844 1331 1910 vestigio.
1343 1840 1406 1893 Nul-

342 1918 468 1983 interius,
488 1923 612 1991 cap..31.
631 1920 740 1974 sardius
764 1935 852 1974 autem
895 1922 951 1974 lum
971 1920 1110 1991 vestigium
1130 1921 1257 1974 bonitatis
1272 1920 1406 1972 sardarum

223 2052 227 2060 ,
342 1998 410 2069 lapis
433 2000 532 2070 piscem
555 2001 740 2070 cognominem
762 2002 853 2054 colore
895 2019 1058 2072 gemmarum
1070 2001 1188 2053 referunt
1198 1999 1310 2052 arabicae
1319 1997 1406 2052 sardo-

343 2077 490 2131 amulatur.
502 2079 679 2150 Epiphanius,
691 2079 726 2133 de
739 2099 771 2132 ra
784 2099 854 2151 gem·
894 2081 995 2152 nyches
1008 2101 1013 2131 ε
1028 2079 1073 2132 sed
1086 2080 1143 2132 aliis
1154 2092 1354 2150 cognoscuntur
1363 2097 1406 2131 oo·

343 2157 406 2222 mis,
425 2177 453 2229 p.
466 2158 537 2211 aab:
555 2161 626 2218 utto:
637 2154 736 2229 sdpdue
749 2158 853 2212 tustu-
895 2160 1011 2224 loribus,
1027 2157 1173 2230 etquidem
1189 2161 1218 2211 in
1234 2177 1286 2210 una
1303 2157 1406 2210 eadem·

341 2235 513 2301 testemini
524 2240 686 2308 καλώμινος,
704 2241 756 2291 tert
769 2234 854 2292 dlsu·
896 2257 948 2310 que
959 2257 1061 2309 gemma
1079 2239 1210 2309 pluribus.
1227 2239 1297 2291 Nam
1314 2236 1405 2300 radix,

342 2317 422 2385 pess'ae
435 2323 470 2385 τῷ
482 2312 596 2370 stetisset
608 2314 769 2388 uiperoudiic
778 2357 786 2384 ,
795 2338 855 2389 erp·
871 2339 873 2344 ·
896 2332 947 2372 etc.
957 2318 1047 2370 Hsuu.

342 2389 390 2464 tte
409 2396 473 2463 ἰχθὺῐ
492 2400 685 2467 τιταριχωμίνῳ
703 2397 794 2458 lesse:-
813 2394 854 2452 elib
937 2402 964 2452 6.
986 2399 1023 2450 Et
1036 2415 1113 2467 ungue
1128 2400 1234 2450 mistiam.
1246 2397 1280 2450 Et
1294 2395 1322 2450 id
1336 2395 1406 2467 quod

343 2475 385 2528 sel
401 2471 501 2546 edpdue
515 2478 629 2547 λίγιται,
649 2478 699 2530 ἀπὸ
717 2483 758 2528 τοῦ
773 2473 852 2539 εἴδους
896 2477 977 2548 ungui
993 2478 1109 2530 humano
1122 2477 1208 2528 simile
1225 2489 1280 2542 est,
1295 2477 1405 2528 minium

342 2551 424 2608 tetus
434 2558 463 2609 τὸ
476 2555 611 2628 indispar.
619 2557 678 2611 Hoc
686 2569 734 2621 est,
745 2556 854 2613 Petuvio
895 2556 1028 2622 imitatur,
1051 2555 1123 2609 velut
1149 2557 1269 2609 innatum
1300 2555 1406 2609 eauduri

342 2647 434 2687 nostro
448 2636 608 2708 interprete:
625 2635 760 2691 «Sardius
769 2638 855 2711 Baby·
896 2636 1009 2708 pingui,
1033 2636 1080 2707 qui
1105 2636 1212 2689 subesse
1238 2636 1405 2705 iutelb'gitur,

236 2722 248 2729 “
343 2713 431 2767 lunius
448 2715 534 2768 forma
561 2730 601 2770 est
622 2716 716 2787 ignea,
743 2729 770 2769 et
794 2736 854 2788 quas
895 2714 1021 2787 idemque
1042 2716 1068 2767 iu
1090 2734 1237 2787 purpuram
1258 2715 1370 2767 inclinat
1383 2727 1408 2768 et

342 2793 478 2863 sanguinis
496 2796 613 2849 colorem
635 2798 748 2860 referet,
764 2795 853 2849 sardio
896 2795 1408 2863 miniumflssm-Etunguemr'ri'un,

342 2872 410 2942 pisci
428 2874 481 2926 sale
495 2874 606 2927 condito
621 2888 648 2928 et
659 2876 805 2929 inveterato
818 2876 853 2928 si·
897 2888 947 2929 etc.
963 2876 995 2927 In
1010 2874 1121 2928 Oriente
1127 2875 1221 2946 plures
1236 2873 1407 2944 suntlapides

343 2951 432 3005 milis:
451 2952 552 3024 quade
565 2972 643 3007 eausa
657 2954 735 3006 etiam
749 2953 853 3009 sardius
896 2954 979 3007 trium
1002 2952 1129 3007 ordinum
1157 2954 1247 3007 colore
1269 2952 1404 3005 distincti:

342 3027 633 3095 dicitur,alormaseu
645 3033 854 3088 ooloeenomiue
896 3033 1098 3104 frequentissimi
1120 3045 1208 3087 antem
1226 3032 1299 3103 apud
1325 3033 1406 3095 Sinas,

342 3106 491 3182 desumpto.
506 3138 518 3159 ι
534 3112 855 3186 lisam-Intelligeban·
898 3113 946 3165 ubi
970 3112 1052 3166 multa
1078 3131 1110 3165 ex
1130 3112 1161 3165 iis
1178 3113 1251 3183 quasi
1277 3114 1407 3183 pigmenta

343 3200 384 3241 tur
404 3190 508 3243 ωηώη
526 3194 553 3245 irs
572 3192 655 3245 sarda.
676 3192 709 3243 ln
724 3192 855 3263 sardony·
896 3191 1051 3257 conficiunt,
1064 3205 1091 3245 et
1101 3192 1337 3257 arbores,lruetus,
1351 3208 1407 3244 aves
1470 3194 1474 3201 “

343 3268 393 3321 olas
405 3282 443 3321 est
455 3269 558 3324 candor
566 3270 680 3343 onychis
692 3269 798 3325 additus
809 3292 855 3325 ru·
897 3271 1043 3325 imitantur.
1057 3272 1141 3325 Bnor.

342 3347 393 3399 bro
403 3348 488 3401 colori
495 3368 606 3420 gemme
616 3348 798 3405 sarda.Ssrds
808 3370 855 3404 au·
937 3369 964 3421 7.
985 3350 1107 3405 Creditum
1125 3353 1186 3403 enim
1209 3350 1314 3402 madido
1321 3352 1408 3420 pingui

251 3422 255 3427 ⁵
343 3438 396 3479 tem
413 3426 614 3499 dicitur,quod
627 3429 744 3484 citiorem
757 3432 855 3485 referat
898 3420 958 3498 (sic
971 3421 1076 3500 prius).
1091 3432 1155 3501 Lep.
1172 3455 1183 3477 ι
1200 3430 1335 3483 lnoretum
1348 3446 1408 3481 cau·

343 3505 427 3560 sardus
442 3508 535 3579 piscis,
549 3509 604 3563 sale
618 3508 721 3563 conditi
738 3522 765 3563 et
781 3510 855 3563 inve·
898 3507 962 3563 dido
975 3510 1083 3581 pingui,
1096 3522 1146 3563 etc.
1158 3535 1168 3557 ι
1184 3509 1270 3561 Sanus.
1281 3540 1320 3551 --
1331 3510 1408 3561 Iners

343 3585 436 3650 terati3
447 3586 653 3659 dequodictum
663 3602 701 3643 est
709 3589 729 3644 l.
737 3590 855 3654 xxxu,
899 3601 964 3654 turn,
982 3600 1032 3643 etc.
1054 3589 1157 3641 locum
1176 3588 1249 3641 huuc
1267 3587 1409 3659 interpola·

343 3682 403 3736 esp.
424 3668 460 3721 53
479 3658 681 3736 (conbustam
698 3660 851 3739 superior.)
895 3681 967 3721 tores
984 3666 1097 3721 Pliniani
1125 3667 1152 3720 in
1181 3667 1258 3740 libris
1282 3668 1407 3719 hactenus

344 3744 430 3798 Bnor.
443 3778 485 3789 -
502 3748 577 3799 Velut
588 3747 699 3800 esnribru
717 3767 797 3817 ungue
811 3749 861 3800 to:
895 3746 973 3801 editis
984 3747 1021 3801 sic
1032 3746 1177 3801 vitiarunt:
1196 3772 1207 3791 ·
1225 3759 1251 3800 ct
1265 3764 1404 3817 unguem:

344 3825 853 3898 ministruposito.0nychem,orys(eal-
896 3824 1026 3881 creditum
1053 3827 1123 3880 euim
1155 3824 1269 3878 candido
1298 3824 1404 3897 pingui,

343 3902 576 3958 celioinerobouoes
586 3902 597 3969 )
608 3906 713 3976 antiqui
738 3925 849 3977 gemme
896 3919 945 3960 etc.
957 3930 969 3953 ι
986 3908 1048 3975 Reg.
1065 3926 1091 3969 s,
1102 3904 1179 3959 Culb.
1196 3904 1223 3967 3,
1234 3917 1310 3957 retus
1325 3902 1406 3956 codex

343 3998 428 4048 genus
442 3984 626 4055 appellabant,
645 3984 721 4057 qnod
734 4004 849 4057 unguem
897 3986 985 4039 Dalec.
1005 3985 1168 4055 caeterique:
1186 4011 1196 4030 ι
1211 3997 1237 4035 et
1255 4002 1344 4053 ungue
1361 3983 1408 4033 mi·

344 4058 552 4117 bominiscolore
562 4065 728 4119 imitabatur:
740 4065 852 4129 sardam,
897 4064 971 4117 nium
982 4064 1112 4118 creditum
1128 4062 1237 4117 condito
1245 4076 1315 4127 ,etr-¹
1327 4090 1339 4107 n
1355 4063 1407 4113 Nos

344 4138 415 4189 sarde
428 4132 439 4206 l
451 4142 585 4197 colee'doiee
597 4164 687 4215 rouge,
702 4137 853 4213 corneliae),
897 4164 912 4199 a
927 4144 1002 4199 MSS.
1017 4143 1139 4198 ondicum
1154 4141 1207 4196 side
1225 4160 1280 4195 nou
1296 4138 1406 4195 discedi·
