3100 5125
492 531 646 597 Linus
670 511 872 635 xxxin.
1118 531 1212 630 ‘597

147 655 278 724 tinacia.
298 656 449 752 Quippe,
468 660 567 729 etiam
594 661 621 728 si
649 685 716 730 non
735 659 895 730 electrum
912 661 945 731 id
969 677 1070 752 esset,
1097 661 1214 758 lyncu-

147 761 234 828 rium
257 776 370 830 tamen
393 789 558 858 gemmam
582 789 653 835 esse
674 766 882 837 contendunt
892 766 913 836 ¹.
936 769 1021 838 Fieri
1041 783 1152 838 autem
1173 797 1214 842 ex

145 869 245 934 urina
265 867 397 961 quidem
418 868 551 964 lyncis²,
576 869 633 939 sed
653 886 799 966 egestam
822 887 911 942 terra
934 875 1086 968 protinus
1107 878 1213 946 bestia

146 973 316 1066 operiente
329 997 422 1064 eam,
437 978 595 1069 quoniam
613 977 759 1047 invideat
777 979 950 1067 hominurn
963 982 1046 1050 usui.
1059 983 1141 1052 Esse
1155 1005 1212 1052 au·

145 1089 216 1146 tem
231 1078 362 1173 qualem
380 1082 417 1149 in
434 1081 538 1176 igneis
556 1083 718 1170 succinis,
740 1083 885 1153 colorem
892 1069 916 1169 ³,
929 1076 1123 1181 scalpique⁴.
1141 1091 1213 1159 Nec

146 1181 226 1251 folia
248 1198 378 1256 tantum
395 1201 454 1256 aut
477 1201 656 1257 stramenta
676 1187 718 1256 ad
738 1213 773 1257 se
790 1213 922 1283 rapere,
946 1191 1004 1260 sed
1023 1193 1096 1262 aeris
1115 1195 1211 1262 etiarn

149 1311 191 1358 ac
207 1276 304 1358 ferri⁵
323 1290 478 1380 laminas,
501 1293 591 1387 quod
610 1292 743 1364 Diocles
761 1293 893 1389 quidem
915 1309 949 1365 et
965 1296 1213 1391 Theophrastus

147 1380 284 1463 credit⁶.
311 1398 385 1492 Ego
412 1396 530 1468 falsum
549 1399 602 1468 id⁷
631 1414 737 1469 totum
769 1400 933 1485 arbitror,
958 1425 1020 1470 neo
1047 1402 1151 1471 visam
1179 1404 1214 1472 in

147 1523 220 1569 aevo
244 1516 359 1571 nostro
378 1529 544 1597 gemmam
564 1503 664 1572 ullam
685 1493 725 1575 ea
747 1505 991 1599 appellatione:
1011 1521 1049 1594 et
1064 1507 1154 1600 quod
1174 1507 1215 1577 de

146 1605 312 1674 medicina
331 1606 429 1676 simul
450 1609 612 1704 proditur,
630 1608 774 1680 calculos
799 1597 935 1682 vesiere⁸
956 1635 996 1680 eo
1017 1625 1098 1705 poto
1121 1611 1215 1700 elidi,

38 1735 41 1738 ’
146 1725 182 1780 et
199 1712 318 1782 morbo
333 1715 424 1808 regio
439 1717 587 1802 occurri,
602 1715 629 1784 si
644 1741 685 1785 ex
698 1719 777 1785 vino
790 1717 932 1804 bibatur,
946 1731 1003 1785 aut
1017 1717 1044 1785 si
1062 1731 1215 1811 portetur

152 1831 263 1886 etiam.

199 1926 294 1994 XIV.
318 1926 418 1995 Nunc
448 1951 655 2021 gemmarum
679 1927 830 1998 confessa
856 1952 977 2023 genera
1000 1929 1164 2016 dicemus,
1194 1953 1246 2006 a1

148 2027 381 2100 laudatissimis
399 2034 476 2102 orsi.
490 2037 560 2102 Nec
577 2058 657 2103 uero
675 2032 709 2102 id
727 2033 835 2103 solum
851 2057 1004 2128 agemus,
1020 2033 1077 2104 sed
1091 2034 1134 2103 ad
1152 2059 1216 2104 ma·

187 2173 264 2226 XIII.
288 2192 314 2226 1.
332 2174 476 2247 Lyncurium
496 2187 574 2228 lamen
588 2195 656 2245 gem·
699 2176 738 2235 τίς
759 2177 825 2228 ἐστιν
844 2176 961 2244 Cymeli<
979 2151 1038 2244 reple
1058 2143 1213 2236 sabellicus.

148 2271 211 2303 mam
233 2273 281 2304 esse
302 2255 454 2307 merendum.
467 2255 530 2308 llaec
545 2253 657 2309 totidem
700 2254 791 2306 Iliun.

147 2330 238 2405 verbis
251 2331 373 2397 Solinus,
390 2353 448 2404 cap.
465 2353 503 2399 11,
518 2353 546 2406 p.
565 2332 612 2399 15,
626 2353 657 2387 ac
743 2334 769 2386 5.
782 2331 833 2384 Sed
846 2336 902 2384 aeris
915 2335 988 2384 etiam
1002 2351 1031 2384 eo
1039 2333 1112 2399 ferri.
1132 2331 1213 2398 Quod
1248 2341 1251 2350 “

145 2428 198 2482 pro
217 2412 286 2465 reris
300 2410 402 2466 habuit.
420 2414 488 2465 Item
502 2425 593 2466 auctor
609 2414 656 2466 ri·
700 2412 853 2483 lyncurium
871 2411 891 2463 ii
902 2411 1001 2464 scilicet
1015 2410 1141 2464 electrum
1157 2429 1213 2465 csse

145 2488 323 2561 ranidom,p.
340 2491 532 2565 da.Videquae
549 2491 584 2545 de
599 2492 658 2564 lyn-
701 2491 900 2544 arbitrarentur.
927 2491 995 2543 Nam
1025 2490 1134 2542 succino
1157 2490 1213 2544 vim

148 2571 226 2624 curio
239 2568 453 2636 fficmsunmlib.
469 2572 657 2641 v111‚,c.57.
701 2589 759 2625 eum
780 2570 864 2623 inesse
885 2570 967 2640 paulo
994 2581 1068 2622 antea
1089 2568 1213 2623 diximus.

145 2650 237 2703 lino.
258 2682 298 2693 -
317 2653 470 2722 Lymarium.
492 2652 657 2723 Lyneurium
700 2648 763 2703 liaeo
778 2647 889 2701 totidem
914 2647 1002 2702 verbis
1029 2646 1100 2717 apud
1121 2648 1213 2701 Theo-

146 2747 260 2799 gemmae
272 2748 365 2800 genus,
376 2728 477 2783 dictum
491 2731 657 2785 Recentiori·
702 2728 840 2802 phrastum
852 2728 986 2798 leguntur,
1000 2726 1048 2781 lib.
1059 2728 1114 2797 arpi
1131 2728 1212 2792 λίθων,

147 2808 215 2872 bne,
225 2811 371 2863 emmelim.
383 2811 437 2864 En.
701 2828 730 2880 p.
747 2814 775 2862 6.
789 2807 881 2860 Hero.

191 2907 218 2940 2.
230 2889 272 2940 Ee
283 2892 352 2941 urina
361 2890 426 2960 qur'd.
437 2890 528 2961 Ιμσίι,
537 2891 581 2943 sed
589 2909 629 2959 eg.
637 2900 655 2941 t.
743 2892 769 2940 6.
783 2886 960 2956 Theophrastus
970 2885 1054 2937 credit.
1067 2886 1108 2938 De
1116 2880 1211 2955 Lepid.

143 2971 257 3037 protinus
271 2968 348 3023 berria
362 2973 488 3039 operiente,
499 2982 549 3022 etc.
559 2967 658 3022 Dehac
700 2986 759 3039 cap.
778 2968 821 3019 50.
840 2963 924 3017 Gron.
941 2977 968 3019 et
982 2964 1025 3018 Al.
1048 2976 1109 3017 ante
1127 2960 1212 3016 Hard.

146 3045 212 3099 laisa
229 3048 331 3118 origine
346 3049 477 3119 lyncurii,
492 3050 546 3120 jam
561 3047 659 3101 Noster
702 3044 814 3099 enudus.
826 3044 878 3096 En.

147 3144 230 3197 supra
243 3125 322 3187 dixit,
333 3128 528 3197 lib.VIlI,csp.
544 3126 589 3197 57.
602 3127 656 3179 Eu.
743 3144 769 3195 7.
779 3123 933 3193 Egosalsum
947 3120 981 3173 id.
993 3120 1097 3174 Falsum
1110 3120 1138 3173 id
1149 3139 1215 3191 quo·

192 3206 218 3259 3.
235 3206 337 3274 Qualem
350 3210 376 3258 in
383 3210 459 3276 igneis
469 3210 580 3272 succinis,
593 3207 658 3257 calo·
702 3223 754 3276 que
767 3199 917 3255 Dioscorid.
934 3200 1089 3265 arbitretur,
1104 3200 1152 3254 lib.
1169 3200 1215 3267 ΙΙ,

148 3304 208 3337 nm,
222 3286 372 3357 Lyncurius
391 3287 436 3339 ille
452 3286 532 3356 lapis,
547 3287 659 3353 lapiem
705 3302 764 3355 cap.
796 3300 855 3335 roo.
879 3280 914 3332 Η.
938 3310 978 3323 -
998 3278 1121 3333 Gemmam
1138 3279 1214 3330 ullam

148 3364 180 3415 de
194 3365 269 3433 lynx,
282 3378 322 3418 est
337 3365 426 3419 colore
438 3365 611 3436 hyacinthino
623 3362 658 3416 ad
702 3384 731 3415 ea
744 3360 912 3431 appellatione.
922 3358 1024 3428 Nempe
1031 3370 1128 3411 mutata
1140 3368 1215 3411 ment

147 3444 292 3513 puniceum
301 3444 572 3508 inclinante,sineulla
580 3442 661 3513 nigri·
702 3454 836 3512 tempora;
857 3451 883 3491 et
899 3436 1062 3489 Dioscoridis
1082 3437 1215 3508 Pliniique

148 3521 252 3575 tudinis
267 3523 394 3587 mixtura,
414 3523 574 3595 hyacinthia
585 3522 659 3586 belle,
704 3532 788 3583 etate,
806 3518 922 3587 lyncurii
937 3514 970 3569 ed
988 3516 1095 3569 succina
1114 3515 1214 3569 relere-

148 3602 290 3654 deconlear
307 3622 392 3654 aurore
405 3622 437 3655 ou
450 3606 567 3670 orange'e,
584 3605 660 3651 liram
704 3600 813 3653 bantur.
825 3598 907 3650 Buot.
1175 3665 1179 3670 Ι

148 3701 193 3734 rur
207 3682 228 3732 le
236 3699 353 3751 porcean.
367 3684 450 3735 liuor.
466 3714 507 3725 -
521 3680 564 3735 CI.
578 3680 659 3751 paulo
745 3680 771 3731 8.
785 3676 897 3731 Calculus
908 3677 1002 3727 uesicae.
1019 3671 1089 3725 Vide
1101 3688 1160 3743 qun
1172 3668 1215 3723 di-

148 3779 210 3831 sup.
222 3773 279 3813 not.
293 3779 317 3812 1.
331 3761 382 3814 Eu.
703 3769 820 3812 cresunt
835 3756 883 3808 lib.
899 3753 1035 3817 XXVIII,
1047 3768 1105 3822 cap.
1122 3750 1214 3803 3211.

192 3838 356 3911 dssmlprique.
368 3839 429 3893 Non
442 3839 522 3910 scalpi
538 3836 661 3911 quidem,
704 3866 745 3878 --
760 3836 874 3889 Calculus
893 3836 998 3895 amice,
1019 3842 1069 3883 etc.
1083 3827 1159 3882 Idem
1181 3826 1216 3880 dc

148 3918 198 3973 sed
218 3917 365 3989 scalpendis
387 3919 497 3989 gemmis
522 3935 580 3971 eam
605 3936 661 3970 esse
706 3915 830 3985 crystallo
848 3907 1141 3985 perhibetTeraagius,
1154 3908 1215 3959 Mu·

127 3997 275 4052 'idoneam
297 3996 415 4069 prodidit
438 3998 530 4059 Phile,
556 3996 603 4050 lib.
628 3994 663 4048 dc
708 4013 785 4047 mum
798 3992 992 4062 Septalisnum,
1006 4006 1064 4058 pag.
1082 3986 1217 4039 26.Nonc

150 4078 248 4148 Propr.
267 4078 356 4133 duim.
373 4097 433 4149 pag.
450 4081 501 4131 108
519 4097 524 4127 ε
540 4072 616 4147 Οὖρον
632 4072 663 4127 dl
707 4070 806 4126 medici
827 4072 855 4124 in
877 4068 1012 4141 lapidibus
1035 4065 1135 4119 nullam
1163 4065 1216 4118 vim

149 4158 239 4227 λυγγὸς
252 4158 408 4227 ἐκτραχυνθίν
426 4157 459 4217 sic
472 4157 546 4220 λίθον,
560 4155 663 4226 Eriphi<
707 4149 838 4205 medicam
848 4158 1004 4221 agnoscunt.
1015 4145 1065 4198 Bu.

1006 4231 1074 4312 38³
