3100 5125
354 493 428 618 'ata
632 538 672 608 c.
696 503 863 610 ιιιιιιιι
886 539 994 608 uir.
1017 539 1145 610 mss.

358 692 439 762 pum
457 671 586 789 quoties
605 671 764 763 pinxerit,
787 697 981 740 enumerare
1002 694 1265 809 supervacuum⁴
1269 687 1328 742 est
1349 672 1422 742 Mi

357 789 473 842 rantur
494 775 566 869 ejus
584 761 810 846 Ηιιιιιοιιιιιιι39
834 779 950 861 Samii,
970 793 1003 846 et
1021 764 1281 866 Menandrum⁴⁰
1306 804 1425 873 regem·

357 881 464 948 Csriae
477 880 609 950 Rhodii.
622 883 708 950 Item
724 870 905 952 llncaeum⁴'
919 861 1142 951 :Alexandriae
1152 883 1424 977 Gorgosthenen]

356 985 566 1080 tragoedum:
586 989 701 1056 Romte
721 990 894 1060 Castorem
917 1002 951 1058 et
967 987 1157 1125 Pollucem,
1174 1013 1249 1057 cum
1269 989 1419 1066 Victoria

357 1105 392 1159 et
406 1090 593 1161 Alexandro
612 1095 747 1189 Magno.
763 1097 848 1164 ltem
868 1091 971 1164 Belli
964 1080 1170 1188 imagincm⁴²
1174 1147 1183 1180 ,
1203 1095 1360 1165 restrictis
1376 1095 1420 1164 ad

306 1207 338 1262 31
359 1209 454 1291 terga
477 1198 646 1283 manibus,
669 1197 889 1270 Alexandro
879 1227 914 1269 m
937 1225 1037 1278 curru
1063 1199 1297 1318 triumphante.
1325 1202 1422 1291 Ques

356 1316 512 1398 utrasque
539 1304 668 1374 tabulas
685 1303 781 1376 divus
802 1307 998 1402 Augustus
990 1332 1023 1374 m
1047 1304 1110 1374 fori
1129 1331 1179 1375 sus
1171 1305 1347 1399 partibus
1365 1332 1419 1375 oe-

355 1406 714 1480 lebernmrsdscaverat
727 1411 936 1507 simplicitate
949 1411 1247 1486 moderationum
1261 1409 1424 1482 Claudius

356 1513 460 1608 pluris
485 1517 701 1605 existimavit,
722 1518 756 1586 in
782 1519 928 1613 utrisque
953 1505 1082 1588 excisa⁴
1083 1501 1202 1588 ⁴facie
1224 1515 1420 1604 Alexandri,

354 1619 422 1688 divi
455 1624 636 1717 Augusti
627 1625 803 1718 imaginem
841 1624 990 1694 subdere.
1032 1622 1187 1714 Ejusdem
1216 1622 1421 1712 arbitrantur

353 1752 455 1796 manu
468 1752 539 1797 esse
559 1743 593 1798 et
609 1731 643 1797 in
665 1733 816 1799 Antoniae
838 1717 992 1826 templo⁴⁴
1016 1713 1223 1798 Herculem⁴⁵
1240 1752 1421 1798 aversum.

394 1870 441 1938 39,
461 1870 607 1923 Habronem.
629 1871 673 1924 Sic
689 1870 765 1924 mss.
779 1883 863 1938 recte,
949 1875 996 1936 ξι.
1013 1871 1073 1922 Item
1090 1869 1217 1923 Aureum.
1237 1868 1329 1934 Qualis
1342 1882 1369 1922 et
1385 1871 1421 1922 ab

353 1966 410 2002 non
422 1950 555 2004 Abrunem.
567 1951 680 2004 Hebron
693 1911 864 2021 Argivus,osi
908 1951 1095 2022 Aristophonte
1121 1951 1208 2021 pictus
1228 1947 1327 2002 dicitur
1351 1949 1421 2002 inle-

353 2026 451 2094 Suida,
464 2030 507 2083 eni
522 2051 536 2084 a
550 2031 662 2084 mollitie
679 2049 778 2083 nomen
794 2029 864 2082 indi·
907 2030 977 2094 rius,
996 2047 1053 2102 cap.
1067 2035 1117 2094 4ο,
1138 2041 1193 2082 not.
1207 2047 1255 2098 71.
1276 2028 1368 2081 Hsnn.
1379 2061 1421 2072 --

354 2118 434 2161 tum:
454 2106 526 2162 node
544 2109 573 2162 in
592 2107 730 2180 splendide
747 2110 865 2164 viventes
908 2111 1034 2163 Aureum.
1048 2109 1100 2160 vet
1120 2109 1275 2180 Tegeatem,
1301 2109 1424 2179 Lycurgi

352 2190 466 2259 jactetur
491 2190 631 2258 psroersna,
658 2181 770 2260 discsse
795 2191 864 2255 βὶις,
908 2187 1008 2252 lilium,
1029 2188 1228 2259 Argonautsm:
1244 2187 1286 2238 vel
1299 2187 1420 2240 Samium

354 2266 479 2320 liutmun
491 2269 553 2320 vito.
565 2268 627 2321 Fuit
635 2281 661 2321 et
671 2269 738 2322 alter
753 2268 864 2322 Hebron
909 2267 1034 2340 Neptuno
1047 2268 1179 2339 genitum,
1192 2265 1270 2319 etiem
1280 2269 1421 2336 &genan-

354 2345 487 2416 sopbists,
507 2347 625 2418 Lycurgi
645 2348 758 2402 oratoris
784 2347 806 2400 1?
807 2389 815 2401 .
829 2347 864 2402 de
908 2360 961 2402 tem
971 2388 979 2413 ,
990 2347 1023 2399 ab
1034 2365 1099 2418 apro
1110 2347 1137 2398 in
1149 2345 1224 2398 vince
1237 2345 1352 2399 necisum
1364 2384 1373 2410 ,
1384 2345 1425 2399 de«

353 2443 409 2496 qno
420 2424 591 2492 Plutarchus,
609 2428 638 2479 in
656 2425 747 2479 decem
763 2427 864 2481 Rheto-
908 2446 961 2498 quo
985 2426 1175 2498 proverbium,
1194 2447 1204 2469 ι
1224 2426 1306 2478 Mults
1319 2423 1421 2478 cedunt

354 2523 416 2558 rum
437 2504 512 2567 vitis,
538 2524 597 2579 pag.
628 2505 694 2569 843.
719 2505 810 2560 Hsnn.
825 2537 865 2548 -·
907 2507 978 2561 inter
992 2501 1386 2578 colicemsupremcquelabra.
1402 2531 1416 2553 ι

355 2584 502 2637 Habronem.
516 2586 589 2639 Brot.
602 2604 635 2638 ex
650 2587 707 2640 MS.
715 2588 780 2657 lieg.
795 2586 823 2650 5,-
838 2599 865 2641 et
908 2588 1011 2641 Diuo.

354 2660 473 2718 editione
483 2665 616 2737 principe,
630 2666 768 2727 Abrunem3
786 2667 864 2721 etsie
949 2673 996 2730 4²·
1018 2667 1079 2718 Item
1095 2664 1151 2717 betti
1173 2666 1309 2733 imaginem.
1325 2664 1419 2729 Qualis

354 2744 561 2814 quoqneGron.
583 2758 610 2799 et
627 2744 668 2797 Al.
695 2759 757 2799 ente
779 2744 863 2801 Hard.
909 2758 948 2800 est
964 2745 1072 2805 luroris.
1095 2742 1166 2817 apud
1187 2744 1292 2796 Maron.
1312 2746 1374 2796 AEn.
1389 2744 1419 2805 1,

354 2822 470 2876 Rectius.
481 2823 535 2876 En.
908 2843 933 2879 t.
951 2829 1006 2896 298
1018 2847 1028 2899 ¹:
1048 2851 1059 2872 ι
1072 2824 1159 2877 Furor
1170 2823 1268 2895 impius
1282 2822 1355 2875 intus
1365 2823 1418 2877 So·

397 2907 440 2964 4ο.
453 2902 667 2955 EtMeeundrum.
679 2904 788 2958 Ceteris
799 2903 864 2957 scri·
908 2904 1048 2958 va'sedens
1061 2922 1141 2975 super
1154 2921 1242 2967 erma,
1267 2915 1295 2955 et
1311 2902 1417 2955 centum

354 2981 476 3051 ptoribus
488 2980 661 3052 incognitum.
669 2984 864 3037 llum-Me·
907 2984 1012 3037 vinetus
1026 2984 1117 3039 ahenis
1129 2984 1194 3036 Post
1207 2994 1308 3053 tergum
1323 2980 1415 3044 nodis,

354 3060 481 3113 mdrum.
490 3060 865 3132 Quidsnslegendumvnlnnt
907 3063 997 3117 t'remit
1009 3062 1132 3116 horridus
1142 3080 1188 3115 ore
1200 3074 1343 3114 cruento
1362 3060 1396 3113 Η.

353 3140 473 3204 Minoem,
501 3160 581 3213 quem
604 3141 632 3193 in
647 3142 725 3196 Caria
746 3142 864 3213 primum
949 3142 994 3206 43.
1013 3144 1044 3195 In
1061 3145 1165 3216 utrisque
1184 3144 1273 3193 escun.
1296 3140 1372 3193 Brot.
1384 3160 1417 3193 ex

352 3238 482 3291 mgnum,
489 3222 779 3274 Strabonuctoreetlib.
788 3222 862 3276 XIV.
907 3221 983 3275 MSS.
996 3224 1075 3293 Regg.
1089 3234 1116 3275 et
1129 3218 1194 3274 edit.
1209 3220 1296 3292 princ.
1311 3222 1417 3291 utrisque

353 3299 613 3372 Aliildrioelegunt,
619 3319 697 3372 quem
705 3300 864 3355 Hecatomni
906 3306 1005 3362 arria,
1038 3302 1131 3355 omissa
1162 3316 1260 3372 nempe
1286 3300 1415 3375 preposi-

352 3378 440 3431 fitium
459 3379 537 3432 luisse
556 3393 582 3434 et
604 3381 716 3435 Mausoli
732 3382 861 3444 fratrem,
906 3382 987 3435 tione.
998 3382 1050 3434 En.

353 3457 426 3510 idem
446 3456 538 3512 tradit.
560 3460 612 3512 atii
634 3478 699 3513 vero
718 3460 863 3532 legendum
949 3466 994 3525 44.
1014 3461 1086 3513 Ειίιι
1097 3460 1212 3513 Artemo
1223 3458 1316 3529 templ.
1332 3458 1418 3530 Hujus

353 3551 476 3603 censent,
485 3539 591 3591 Minoem
604 3552 627 3591 et
640 3539 723 3591 Idrira
733 3560 801 3610 reges
813 3541 863 3594 Co·
906 3538 1031 3593 Antoniae
1043 3539 1185 3609 templum,
1200 3557 1253 3611 quo
1269 3538 1353 3591 Urbis
1366 3539 1417 3592 situ

353 3618 498 3671 rioeIllsodis'.
504 3618 615 3672 Invenio
626 3631 653 3672 et
662 3615 862 3689 apudeumdem
906 3619 1002 3686 t'uerit,
1016 3620 1219 3689 incompertum.
1233 3618 1293 3671 Fuit
1305 3618 1351 3671 illa
1364 3617 1417 3669 An·

281 3692 285 3695 ’
351 3709 504 3763 auctorem,
532 3697 578 3751 lib.
600 3699 653 3763 xl,
684 3697 862 3751 Menandrum
907 3698 972 3752 touii
1006 3696 1139 3751 triumviri
1163 3696 1217 3749 lilia
1241 3715 1248 3750 :
1270 3714 1301 3749 ex
1323 3715 1414 3750 sorore
1448 3727 1454 3735 ·

352 3773 493 3847 quemdum
506 3778 755 3848 nstinuegrccum,
769 3778 864 3831 multas
907 3778 1033 3849 Augusti,
1054 3774 1160 3830 Clsndii
1178 3776 1287 3829 Caesaris
1303 3775 1416 3847 Augusti

304 3872 312 3884 ⁸
352 3854 380 3907 in
399 3854 476 3909 India
494 3857 643 3928 provincias
665 3856 812 3927 subegisse,
838 3870 864 3910 st
907 3876 1003 3928 parens
1024 3874 1031 3908 :
1055 3856 1081 3909 in
1098 3855 1214 3908 nummis
1235 3857 1364 3907 Αιιτοιιιι
1385 3873 1416 3907 ex

351 3933 474 3988 victorias
494 3955 554 3989 suas
575 3935 680 4007 longius
706 3936 863 4005 protulisse,
907 3950 996 4009 putre,
1014 3938 1140 3988 Accessi
1151 3952 1183 3988 ex
1196 3946 1291 3987 matre.
1304 3934 1397 3986 tinen.

353 4013 863 4083 quamAlexandrumllensnderilthe·
947 4014 993 4078 45.
1013 4014 1140 4067 Herculem
1153 4034 1268 4067 aversam.
1290 4012 1416 4066 Hercules

354 4091 485 4147 niensium
510 4091 564 4148 dux
597 4106 624 4149 et
650 4093 734 4147 Nicie
758 4096 863 4165 collega
905 4112 1029 4160 aversus,
1050 4094 1156 4155 llereule
1183 4100 1285 4163 ou‘par
1304 4092 1414 4143 derriue.

353 4170 505 4243 Thucydidi
516 4174 674 4239 celebretur,
682 4174 861 4228 lib.Vl.Dsr..
905 4174 991 4227 Tanta
1010 4186 1064 4229 crat
1083 4193 1124 4228 ers
1144 4174 1171 4226 iu
1196 4172 1240 4227 ills
1263 4171 1367 4233 tabule,
1385 4182 1415 4223 ut
