3100 5125
396 498 461 579 rho
661 497 700 565 C.
727 498 896 567 PLINII
922 498 1031 566 NAT.
1058 499 1189 567 HIST.

392 642 546 723 receptus
565 632 599 697 in
619 644 752 714 torum,
773 654 852 699 rnox
873 632 909 699 in
931 645 1182 711 testamentum,
1203 631 1379 725 predives,
1404 658 1464 703 nu·

394 738 520 806 minum
539 738 611 805 viee
628 734 708 805 illud
728 735 964 807 candelabrum
981 735 1102 821 coluit,
1120 752 1154 806 et
1167 736 1255 807 hanc
1273 740 1462 811 Corinthiis

392 842 538 911 fabulam
561 842 707 936 adjecit:
728 843 903 913 vindicatis
924 858 1036 913 tamen
1054 845 1202 913 moribus
1220 843 1322 913 nobili
1344 846 1460 942 sepul·
1542 868 1543 877 ¹

391 974 470 1033 cro,
485 974 546 1043 per
560 948 651 1042 quod
664 964 785 1019 aeterna
802 974 902 1046 snpra
920 965 1025 1021 terras
1039 952 1196 1045 Geganiae
1210 948 1380 1022 ded'econ‘s
1395 978 1463 1023 me·

392 1056 498 1124 moria
512 1055 657 1124 duraret.
675 1055 740 1125 Sed
754 1080 857 1176 quurn
875 1082 946 1126 esse
964 1055 1055 1125 nulla
1072 1056 1245 1126 Corinthia
1259 1058 1461 1129 candelabra

391 1176 536 1247 constet,
557 1187 679 1231 nornen
697 1162 730 1231 id
748 1164 915 1260 precipue
934 1166 968 1233 in
989 1164 1041 1232 his
1070 1161 1275 1249 celebratur,
1300 1168 1463 1259 quoniam

390 1254 565 1339 Mummii⁶
574 1271 713 1339 victoria
732 1270 933 1339 Corinthum
955 1268 1088 1365 quidem
1104 1269 1221 1354 diruit,
1241 1268 1299 1339 sed
1313 1269 1462 1367 complu·

393 1376 483 1444 ribus
500 1376 633 1445 Achaiae
653 1376 785 1471 oppidis
804 1375 901 1446 simul
918 1400 983 1447 aera
1001 1376 1163 1471 dispersit.

360 1510 371 1543 1
445 1484 524 1550 VII.
546 1483 650 1552 Prisci
672 1480 785 1551 limina
807 1484 962 1552 etiamne
980 1479 1112 1552 valvas¹
1135 1505 1176 1550 ex
1193 1505 1256 1551 aere
1273 1482 1308 1550 in
1327 1482 1460 1578 templis

393 1587 595 1657 factitavere
612 1591 752 1658 Invenio
764 1603 799 1658 et
813 1614 833 1657 a
850 1591 914 1659 Cn.
931 1586 1094 1659 Octavio’
1097 1612 1175 1683 ,qur
1166 1586 1230 1656 de
1245 1591 1365 1658 Perseo
1379 1614 1461 1685 rege

390 1693 543 1763 navalem
560 1696 768 1789 triumphurn
785 1697 869 1790 egit,
892 1695 1013 1765 factam
1032 1696 1196 1789 porticum
1203 1679 1398 1789 ³duplicem
1414 1696 1461 1765 ad

390 1800 526 1869 Circum
537 1800 732 1871 Flaminium
742 1826 837 1895 ‚quae
853 1802 1025 1874 Corinthia
1040 1804 1082 1871 sit
1094 1798 1259 1939 appellata
1272 1824 1290 1869 a
1305 1794 1460 1896 capitulis

386 1908 482 1976 aereis
499 1905 740 1976 columnarum.
757 1910 870 1978 Veste
886 1932 1018 2003 quoque
1038 1893 1164 1977 aedem
1189 1910 1294 2002 ipsam
1313 1910 1459 2002 Syracu·

430 2094 458 2143 6.
479 2091 591 2143 Mummii
604 2093 719 2144 victoria.
733 2092 774 2144 De
787 2108 820 2143 eo
833 2090 902 2143 dixi·
944 2092 1027 2145 tuit:
1052 2091 1209 2145 uPortieus
1237 2090 1379 2145 Corinthia
1404 2093 1459 2146 Cu.

387 2188 449 2223 mne
460 2170 509 2223 lib.
519 2171 654 2233 xxxm,
667 2188 727 2242 οη).
737 2168 785 2232 53,
797 2182 825 2223 et
837 2170 901 2224 elihi
945 2170 1064 2236 Octtvii,
1075 2187 1135 2243 qun
1151 2170 1238 2243 primu
1253 2171 1353 2242 duplex
1366 2172 1428 2226 fuit.
1442 2196 1455 2219 ι

386 2251 492 2321 sepius.
502 2250 594 2303 Hnn.
944 2250 1050 2323 Duplex
1061 2249 1170 2314 dicitur,
1183 2250 1219 2303 ob
1233 2250 1368 2323 duplicem
1380 2250 1459 2305 ordi·

428 2330 492 2382 vu.
517 2348 542 2383 r.
566 2330 646 2381 Prisci
668 2330 752 2381 limina
774 2333 846 2381 ettam
872 2348 902 2380 ac
943 2348 1005 2382 nem
1021 2330 1218 2385 columnarum.
1231 2330 1459 2385 FestnsrtOcte·

387 2411 490 2471 calcas,
510 2423 560 2463 etc.
579 2409 632 2474 Qu.
648 2422 675 2461 et
692 2408 901 2479 Cnogulniur,
943 2408 1459 2483 vieporticusdunrppellrnturzqut·

386 2486 789 2552 edilescurulee,loeneratorum
800 2489 901 2560 aliquot
943 2506 1003 2541 runi
1018 2491 1125 2543 alterurn
1140 2489 1244 2544 theatro
1260 2490 1378 2545 Marcelli
1391 2510 1458 2564 pro·

387 2570 469 2623 bonis
483 2571 617 2633 multatio,
630 2587 662 2622 ex
676 2568 796 2640 eoquod
810 2571 837 2622 in
849 2587 901 2640 pu·
942 2571 1060 2640 piorem,
1075 2569 1186 2624 Octavia
1200 2589 1277 2624 soror
1290 2572 1401 2642 Augusti
1415 2573 1457 2626 l'e·

386 2651 487 2702 blieum
502 2649 638 2703 reductum
653 2661 709 2713 est,
724 2667 796 2702 enee
810 2649 900 2702 limine
942 2650 980 2702 cit
994 2668 1000 2702 :
1013 2651 1121 2704 alterum
1139 2649 1243 2704 theetro
1257 2651 1378 2723 Pompeii
1389 2669 1457 2723 pro·

387 2730 416 2782 in
441 2730 591 2800 Capitolio,
611 2741 662 2781 etc.
678 2741 833 2800 posuerunt.
856 2729 901 2780 Li·
942 2730 1040 2782 ximurn
1058 2730 1108 2782 Cn.
1132 2730 1259 2784 Octavius
1280 2731 1331 2783 Cn.
1354 2731 1385 2784 F.
1407 2731 1458 2802 qui

387 2809 447 2860 vius
456 2807 548 2862 decnd.
563 2809 647 2870 1,tih.
661 2810 683 2860 Ι.
695 2809 756 2860 Fuit
767 2820 794 2860 et
809 2809 901 2860 llome
942 2809 993 2862 fuit
1009 2808 1090 2863 sedilis
1102 2810 1218 2876 curulis,
1229 2821 1339 2880 pretor,
1352 2810 1458 2876 consul,

387 2901 466 2956 ports
486 2886 667 2946 Rauduscula,
681 2901 775 2953 erata,
794 2886 829 2939 de
846 2905 900 2958 qus
942 2887 1076 2942 decemvir
1097 2889 1177 2942 sacris
1198 2887 1340 2950 faciundis.
1360 2890 1458 2942 trium·

387 2966 469 3038 liujus
479 2967 539 3020 libri
553 2985 610 3037 cup.
625 2967 730 3019 1.Dn..
943 2968 1086 3038 pharitqne
1108 2967 1142 3021 de
1162 2985 1224 3040 rege
1238 2971 1346 3034 Perseo,
1367 2971 1457 3024 novoli

430 3065 456 3099 α.
468 3045 516 3099 Cn.
531 3047 642 3110 Oceano,
654 3051 696 3118 qur·
707 3047 737 3097 de
747 3046 836 3098 Perseo
845 3065 901 3117 rege
942 3047 1080 3119 triumpho
1094 3067 1100 3101 :
1118 3066 1197 3119 quum
1214 3051 1378 3102 combustum
1391 3049 1457 3102 refl-

388 3125 443 3181 κου’.
457 3128 568 3197 trnrmpl.
578 3131 636 3195 egit.
651 3127 706 3190 Qui
718 3145 761 3177 en·
775 3126 811 3178 U,
827 3125 899 3190 586,
942 3123 1062 3180 ciendam
1075 3129 1272 3183 cureritCoesrr
1283 3132 1427 3200 Augustus.
1440 3155 1452 3176 ι

387 3207 420 3259 L.
432 3207 540 3260 AEmilio
552 3206 635 3259 Paulo
644 3204 802 3268 secundum,
813 3207 844 3258 C.
858 3206 901 3258 Li·
941 3206 1066 3260 Meminit
1076 3221 1103 3261 et
1112 3207 1231 3263 Velleius
1246 3207 1322 3262 initio
1335 3207 1398 3261 libri
1412 3227 1454 3261 se·

387 3287 460 3340 cinio
479 3289 574 3341 Crasso
589 3305 655 3339 coss.
676 3297 774 3355 pretor
792 3285 899 3338 classem
941 3285 1034 3340 cundi.
1048 3287 1140 3340 nino.

385 3368 584 3431 wrtitumum
606 3366 713 3418 AErnilio
734 3364 817 3417 Paulo
835 3383 900 3417 con·
983 3372 1010 3427 4.
1032 3367 1115 3418 Vesta
1139 3385 1229 3440 quoque
1255 3367 1338 3419 adera.
1365 3365 1456 3437 liujus

386 3447 443 3499 sule
455 3448 484 3498 in
497 3445 681 3499 Macedoniarn
695 3457 787 3498 contin
802 3445 898 3497 Pernen
942 3443 1005 3498 tedis
1035 3445 1148 3498 formam
1178 3443 1321 3500 rotundum
1351 3459 1455 3499 veteres

385 3543 474 3596 regem
498 3527 634 3598 profectus
656 3538 704 3577 est.
720 3524 783 3588 Quo
807 3535 894 3595 capto,
941 3525 1043 3577 numini
1064 3525 1189 3578 exhibent
1214 3524 1320 3579 familia
1340 3525 1455 3591 cante,

386 3605 444 3674 ipse
455 3604 491 3659 de
505 3605 601 3659 eodem
615 3601 730 3656 colendis
748 3602 897 3656 decembri·
941 3603 1012 3674 opud
1029 3606 1167 3668 Petinum,
1189 3625 1217 3676 p.
1237 3610 1285 3675 67,
1304 3616 1330 3658 et
1348 3605 1454 3658 nummi

386 3685 438 3738 bus
453 3686 618 3755 triumphurn
631 3683 749 3736 novalem
766 3682 828 3754 egit.
842 3685 896 3735 Au·
939 3684 1018 3738 Juliae
1027 3685 1456 3756 Domnae,inscripti,v1erm·

386 3777 445 3818 ctor
456 3767 510 3818 Tit.
528 3764 634 3830 livius,
655 3762 709 3815 lib:
727 3763 815 3828 XLV,
834 3781 894 3834 pag.
940 3781 1003 3818 run.
1029 3763 1181 3818 Rotundum
1208 3764 1288 3817 luisse
1311 3764 1349 3817 uit
1371 3765 1452 3818 etiem

389 3844 561 3900 sesninc.
941 3842 1210 3906 Ovid.Fast0r.v1‚
1231 3863 1256 3897 v.
1285 3843 1354 3904 265,
1378 3843 1452 3914 quod

428 3927 453 3979 3.
470 3925 591 3976 Porum
611 3922 728 3992 duplicem
748 3923 784 3974 (αἱ
802 3921 897 3974 Circum
941 3923 1122 3976 Vertnendem
1135 3923 1236 3994 sitque
1250 3936 1318 3976 terre
1328 3962 1336 3988 ,
1346 3923 1452 3992 globete

385 4005 549 4065 Flaminium,
565 4017 615 4056 etc.
634 4003 664 4055 P.
677 4003 781 4066 Victor,
801 4003 827 4053 iu
848 4000 896 4053 de·
941 4001 974 4055 sd
995 4004 1056 4074 pila
1078 4003 1302 4056 similitudinem:
1328 4029 1339 4051 ι
1355 4003 1452 4056 Formo

385 4087 529 4156 «criptione
555 4083 629 4136 urbis
655 4084 763 4144 nome,
790 4082 896 4151 regione
940 4095 1028 4138 tomen
1052 4083 1160 4152 templi,
1180 4100 1240 4154 que
1257 4101 1329 4135 nunc
1346 4095 1451 4144 menet.

276 4161 281 4176 '
385 4182 470 4232 nono,
497 4167 524 4216 in
550 4183 603 4234 qua
629 4163 723 4217 Circus
750 4161 895 4216 Pleminius
940 4164 1090 4218 antefuisse
1104 4163 1361 4215 Diciturtett‘ornre
1373 4180 1452 4216 censu
