3100 5125
462 479 613 547 LIBER
649 480 823 552 XXXIV.
989 541 994 549 .
1106 487 1172 572 145

92 606 266 676 nubtis
294 612 441 703 ipsorum
468 607 678 678 similitudine.
713 634 883 703 expressa,
913 635 994 704 quas
1019 601 1172 689 ‘iconicas

92 728 231 780 vocant
239 700 263 779 ⁴2
286 714 504 788 Athenienses
520 717 632 784 neseio
649 738 691 783 an
707 716 808 808 primi
827 717 974 784 omnium
992 722 1172 793 Harmodio

93 830 126 884 et
156 806 410 913 Aristogitoni⁵
432 820 644 913 tyrannicidis
680 818 811 915 publice
843 825 1012 914 posuerint
1038 840 1170 899 statuas.

94 925 174 991 Hoc
195 939 313 993 actum
335 942 386 993 est
404 925 520 995 eodem
541 950 646 1012 anno,
665 950 731 1019 quo
754 940 788 993 et
810 950 903 1019 reges
931 931 1046 1013 Romae
1066 934 1170 1026 pulsi.

94 1029 255 1123 Excepta
272 1030 391 1099 deinde
406 1056 459 1099 res
472 1044 522 1100 est
541 1056 560 1098 a
577 1046 649 1101 toto
663 1030 744 1100 orbe
758 1044 920 1099 terrarum
936 1034 1172 1109 humanissima

96 1134 297 1204 ambitione
333 1140 379 1205 Et
400 1137 469 1230 jam
498 1139 647 1206 omnium
667 1138 923 1229 municipiorum
951 1138 1030 1211 foris
1057 1157 1171 1217 stature

97 1256 341 1311 ornamentum
364 1266 435 1311 esse
456 1266 606 1337 coepere,
628 1242 865 1338 prorogarique
887 1249 1045 1317 memoria
1064 1248 1172 1320 homi·

98 1370 206 1431 num,
219 1361 255 1416 ct
269 1346 414 1424 honores
432 1347 562 1442 legendi
579 1333 675 1447 aevof
687 1347 819 1416 basibus
838 1349 984 1437 inscribi,
1005 1378 1047 1421 ne
1064 1356 1099 1421 in
1122 1382 1170 1427 se-

99 1450 230 1544 pulcris
262 1467 393 1523 tantum
418 1453 615 1547 legerentur.
638 1456 724 1529 Mox
742 1452 872 1523 forum⁷
896 1468 930 1523 et
956 1458 990 1525 in
1019 1458 1171 1532 domibus

99 1560 246 1651 privatis
258 1558 383 1629 factum
394 1573 493 1653 atque
503 1562 537 1627 in
550 1561 650 1629 atriis.
667 1562 783 1628 Honos
795 1557 952 1627 clientum
968 1564 1110 1636 instituit
1126 1570 1171 1637 sic

101 1662 215 1731 colere
237 1680 407 1758 patronos.

153 1772 199 1837 X.
207 1762 735 1867 (v.)Togataeeffigies¹antiquitus
744 1773 791 1839 ita
800 1769 1004 1842 dicabantur.
1014 1774 1170 1849 Placuere
1191 1826 1203 1861 1

101 1888 135 1943 et
158 1874 260 1945 undar
291 1891 439 1945 tenentes
462 1877 606 1963 hastam,
635 1877 677 1946 ab
713 1875 918 1971 epheborum
946 1903 964 1947 e
993 1887 1171 1974 gymnasiis

102 1980 370 2075 exemplaribus,
383 2007 465 2076 quas
476 1980 657 2052 Achilleas'
672 1996 802 2051 vocant.
814 1984 931 2051 Graeca
945 2010 997 2054 res
1008 2002 1074 2071 est,
1090 1990 1172 2061 nihil

144 2120 174 2173 4.
196 2113 267 2182 Quas
278 2117 384 2164 ιἐωιιὶιιι
393 2124 492 2165 veram.
505 2114 620 2166 Εἰκονιιιὰ
663 2113 766 2166 Plinius
787 2124 878 2165 auctor
897 2124 952 2178 est,
973 2134 1032 2186 cap.
1055 2136 1089 2189 ¹9
1110 2120 1173 2175 libri

103 2192 327 2262 a’pa'sparuoeat
336 2192 488 2257 Athenaeus,
499 2191 522 2257 1,
531 2192 553 2243 si
562 2210 619 2243 me·
662 2192 751 2265 hujus.
763 2190 856 2243 Hann.

103 2270 177 2322 mini.
192 2269 332 2323 leonicum
350 2272 520 2324 simulacrum
533 2271 619 2323 Tran·
703 2278 730 2325 6.
745 2270 821 2323 AEeo.
836 2270 959 2324 Posteris.
973 2270 1062 2327 Haan.

104 2350 201 2420 quillus
216 2351 245 2401 in
261 2350 394 2421 Caligula,
410 2368 468 2421 cap.
480 2368 522 2403 xa..
536 2351 619 2404 Esant
703 2369 729 2421 7.
742 2348 892 2414 Moesorum
900 2361 924 2399 et
931 2356 956 2401 r'n
964 2351 1078 2405 domibus.
1087 2355 1173 2419 Qus..

103 2427 269 2499 ejuscemodi
287 2442 379 2483 statuae
393 2429 425 2481 iis
444 2429 616 2495 bominibus,
661 2428 727 2481 libet
747 2428 861 2499 privatas
884 2426 953 2481 redes
980 2428 1091 2485 totidem
1115 2434 1173 2491 l'ora

103 2526 220 2579 quornm
234 2509 349 2580 speeiem
360 2508 519 2573 referebant,
531 2526 615 2580 pares.
660 2506 754 2561 eredas
764 2524 819 2559 esse
834 2523 840 2556 :
856 2516 897 2558 tot
912 2517 973 2559 sunt
988 2508 1124 2566 instructa
1137 2516 1173 2569 si-

103 2588 395 2656 Maioresvoeabantnr
410 2590 530 2658 Augusta
544 2609 553 2641 :
568 2587 617 2640 Co·
660 2587 719 2657 gnis
743 2585 861 2656 singulte.
888 2586 974 2640 Simili
1002 2592 1172 2648 translatione

104 2667 160 2719 lassi
172 2668 254 2738 longe
269 2669 400 2720 maxime.
419 2668 497 2720 Cure
510 2665 537 2718 id
552 2668 616 2719 Hel·
660 2665 793 2738 populum
806 2664 951 2734 imaginum
962 2670 1083 2738 superius
1095 2669 1172 2738 dixit,

104 2745 232 2800 Modicia
250 2747 347 2809 inisse,
365 2747 500 2799 Lucienus
514 2759 553 2799 est
570 2765 616 2798 au·
659 2745 798 2810 XXXIII,
815 2744 863 2808 45.
878 2741 968 2797 liano.

104 2824 614 2896 etor‚lsrrjslrripsiss'snmubinitium,
698 2826 732 2878 X.
757 2842 782 2876 ι.
807 2824 910 2892 Togata
927 2823 1019 2894 effigias
1041 2833 1172 2902 antiquitus

103 2907 399 2974 ntrire'sreisepirpnrer
412 2916 511 2966 essent,
524 2922 558 2956 ne
571 2923 615 2957 au·
659 2906 694 2955 ita
713 2903 866 2956 deabantur.
890 2904 985 2956 Ancon.
1008 2904 1118 2962 Pedion.
1144 2912 1171 2964 in

102 2983 232 3053 gnstiores
252 2983 364 3048 scilieet,
385 2984 550 3054 majoresque
564 2983 614 3035 bu·
658 2996 725 3037 orat.
747 2983 832 3035 Cicer.
857 2999 907 3050 pro
929 2981 968 3034 lu.
986 2983 1101 3053 Scauro,
1122 2991 1172 3044 snb

102 3080 203 3127 mana,
237 3062 442 3115 Hieronicarum
478 3061 570 3132 ligure
600 3081 615 3115 a
657 3061 755 3126 linem,
769 3062 897 3115 Catonem
910 3059 945 3112 ait
959 3088 970 3108 ι
986 3068 1172 3134 togatumaine

104 3142 284 3212 sculptoribus
323 3142 542 3212 exprimerentur.
580 3143 616 3193 Et
658 3141 747 3194 tunica
765 3137 912 3194 exercuisse
925 3139 1071 3210 judicium,
1088 3145 1115 3196 in
1131 3147 1172 3200 fo.

103 3218 347 3274 PlaroinPhedro
362 3209 615 3290 zlmqsotpsrypo·
658 3237 772 3290 rumque
801 3219 838 3272 sie
866 3215 1052 3285 descendisse,
1076 3226 1172 3296 jusque

104 3304 148 3355 ris
170 3301 254 3354 siries
274 3301 433 3370 ἰσομέτρητον
460 3301 493 3359 εἰς
513 3299 614 3369 Δελφοὺς
659 3297 770 3361 dirisse;
791 3295 875 3368 idque
893 3299 1021 3367 reperisse
1038 3319 1069 3353 ex
1088 3306 1171 3358 reteri

106 3380 244 3435 sanans.
257 3379 349 3431 Haan.
658 3375 869 3438 consuetudine,
888 3375 1033 3431 secundum
1049 3399 1127 3451 quam
1145 3397 1171 3438 et

146 3459 172 3512 5.
193 3458 331 3510 Harmodio
351 3468 376 3509 st
395 3458 568 3526 Aristogitoni.
590 3457 613 3508 Ii
658 3456 766 3508 Ilomuli
783 3455 862 3508 atatis
873 3465 965 3506 statuae
977 3457 1005 3509 in
1022 3457 1172 3531 Capitolio,

104 3537 234 3590 Pisistrati
264 3537 322 3588 titio
350 3535 505 3606 Hipparcho
531 3536 612 3588 inter·
657 3547 685 3587 et
694 3534 722 3587 in
734 3535 838 3588 Rostris
850 3533 1090 3598 Camilli‚fuerunt
1101 3553 1171 3614 toga.
1263 3579 1270 3594 ,

105 3629 208 3688 empto,
223 3616 350 3668 servitute
367 3615 536 3668 Athenienses
547 3615 614 3667 libe·
658 3625 692 3666 te
699 3613 755 3666 sine
762 3614 867 3666 tunicis.
880 3637 891 3657 ·
903 3612 1025 3668 Meminit
1037 3630 1063 3670 et
1070 3618 1172 3674 Plinius

105 3707 237 3749 raserunt.
246 3694 421 3748 Pausaniasin
430 3694 530 3748 Atticis.
539 3693 615 3746 Hane
658 3693 725 3745 alter
743 3694 773 3745 in
794 3694 890 3761 Paneg.
911 3693 1034 3764 Trajnni,
1058 3715 1085 3749 n.
1107 3699 1168 3752 65:

104 3775 240 3828 historiam
262 3771 324 3825 vide
350 3774 455 3843 probae
479 3773 615 3826 recitatam
663 3797 675 3818 ι
689 3773 822 3824 Visnntur
835 3767 927 3822 eadem
940 3791 954 3824 e
967 3774 1074 3828 materia
1088 3777 1171 3830 Cesa-

104 3853 176 3925 aptad
183 3852 307 3925 I'Iancyd.
321 3852 370 3904 lib.
378 3853 428 3904 vt.
441 3852 616 3905 Dan-Har-
659 3853 697 3903 ris
707 3864 812 3917 statue,
822 3869 875 3923 qua
891 3850 1034 3904 Brutorum
1044 3890 1052 3916 ,
1062 3871 1113 3924 qua
1125 3853 1171 3910 Gr.

104 3931 616 4004 metavidet’tunrch.insnriphonte,
632 3961 644 3989 o
661 3929 805 3983 miliorum.
822 3956 833 3978 ι
851 3927 942 3983 Haau.

104 4010 137 4063 de
155 4010 245 4064 decem
263 4011 435 4074 rhetoribus,
451 4011 578 4080 aliosque.
592 4013 616 4062 Δ
704 4009 801 4076 2.sz
809 4009 942 4062 Achilleas.
952 4009 1051 4062 Notum
1060 4011 1170 4070 Achillis

104 4089 230 4145 Praxitele
241 4091 392 4145 elaboratas
401 4089 617 4144 essebasstatuas
661 4085 741 4142 decus
757 4101 784 4141 et
796 4099 930 4153 tutamen,
949 4087 1031 4141 hasta.
1050 4089 1140 4147 Hasn.

177 4191 238 4258 IX.
1008 4207 1049 4253 ro
