3100 5125
291 556 295 565 ³
361 461 408 549 to
629 457 1149 529 c.s›u1n11usu.u1sn

360 606 435 675 looo
455 586 684 672 habebaturi.
707 602 768 670 Est
789 614 901 671 autem
923 601 1070 695 signatus
1094 600 1261 688 Victoria,
1287 615 1323 670 et
1347 602 1424 675 inde

360 734 494 782 nomen.
530 713 656 777 Aureus
680 731 837 777 nummus
857 722 934 803 post
959 730 1085 777 annum
1114 693 1426 802 s111⁴⁸pcroussus

359 833 428 908 cst,
442 834 541 913 quam
555 828 748 910 argenteus,
762 816 809 884 ita
820 829 858 885 ut
873 812 1066 910 scrupulum
1074 800 1100 851 ⁴⁹
1108 811 1234 883 valeret
1243 802 1426 887 sestentis⁵⁰

400 1008 872 1082 47.Mercitloculsubebutur.1)ig.ttd
916 1027 972 1062 mas
994 1007 1019 1062 ei
1042 1008 1114 1061 bello
1139 1008 1257 1079 gerendo
1280 1024 1425 1082 oporteret.

359 1092 442 1145 Corn.
461 1089 497 1143 de‘
508 1089 578 1145 Fuls.
596 1089 614 1139 l.
638 1106 676 1157 9,
693 1084 708 1151 S
726 1109 759 1155 a,
777 1088 871 1159 prohi·
915 1089 1043 1143 Consules
1057 1099 1114 1141 tum
1124 1089 1246 1143 tuerent.
1256 1090 1348 1144 Livius
1361 1092 1427 1145 Suli-

359 1173 440 1225 betur
458 1186 493 1223 ue
513 1168 572 1240 quis
588 1184 713 1220 nummos
727 1178 870 1233 stanneos,
914 1181 992 1222 nutor
1000 1166 1155 1234 secundum,
1163 1169 1195 1222 C.
1205 1166 1336 1224 Claudius
1343 1173 1425 1226 Nero.

359 1251 513 1323 plumbeos,
536 1264 638 1311 emere,
659 1246 788 1311 rendere,
808 1246 871 1301 dolo
917 1248 1007 1301 Hsnn.

360 1332 431 1384 mulo
448 1328 547 1381 vellet:
564 1326 654 1397 quod,
672 1340 703 1379 ut
722 1328 757 1379 uit
777 1327 871 1379 Volus.
956 1328 1003 1397 lp.
1024 1328 1066 1380 Itu
1085 1340 1113 1381 ut
1130 1329 1276 1399 scrupulum.
1298 1327 1376 1395 Sive,
1393 1344 1426 1386 ut

359 1410 491 1463 ldetisnus
510 1407 559 1460 lib.
579 1406 613 1459 de
630 1424 696 1465 usse,
715 1406 872 1477 peregrinus
914 1406 991 1460 MSS.
1002 1407 1426 1481 hubent,seripulun,quodnihil

358 1506 498 1551 nummus,
512 1498 579 1556 puta
598 1486 723 1547 Doricus,
740 1485 872 1557 Philippi·
914 1485 1033 1539 interest.
1045 1487 1126 1539 Libro
1139 1506 1221 1558 porro
1236 1489 1351 1559 scripula
1364 1509 1425 1545 con·

359 1586 421 1635 cus,
439 1567 540 1633 siclus,
555 1564 785 1619 Tetradrachmon
799 1564 871 1617 Atti·
914 1566 983 1618 tinet
1003 1567 1066 1619 sos.
1086 1567 1169 1619 Aurei
1186 1568 1302 1638 cujusvis
1317 1570 1425 1623 nummi

358 1662 421 1711 cum
448 1646 543 1699 mercis
567 1646 626 1699 loco
654 1656 729 1698 esset.
752 1644 870 1699 Brissou.
913 1645 1070 1717 scrupulum
1081 1644 1260 1699 estimabitur
1270 1648 1370 1701 vicenis
1381 1668 1425 1702 sr-

358 1727 406 1781 lib.
427 1728 458 1789 1,
478 1744 537 1796 cup.
554 1724 701 1778 8.-Ubi
716 1736 806 1789 tamen
822 1742 881 1794 nug
913 1726 985 1795 genti
1005 1724 1142 1789 sestertiis,
1163 1726 1232 1791 sive,
1252 1726 1325 1795 qnod
1352 1728 1424 1781 idem

358 1805 482 1863 tondum.
495 1816 541 1857 tut
551 1823 565 1858 a
575 1804 690 1857 Brisson.
702 1816 749 1856 sut
763 1803 871 1856 alibra·
913 1816 965 1869 cst,
980 1803 1096 1857 denariis
1105 1805 1232 1876 quinque.
1244 1805 1423 1861 Luculentum

358 1888 400 1939 rio
408 1882 617 1949 erratum;dum
628 1881 657 1934 id
665 1880 738 1953 quod
749 1895 869 1935 veterum
912 1882 992 1953 hujus
1017 1884 1057 1936 rei
1092 1885 1271 1938 testimonium
1302 1887 1424 1957 prebent

356 1966 511 2038 principum
530 1960 628 2017 solidos
648 1980 756 2034 quoque
775 1963 870 2015 mercis
912 1963 1016 2015 nummi
1034 1963 1106 2015 aurei
1120 1962 1193 2029 duo,
1208 1981 1275 2036 quos
1290 1965 1422 2034 vidimus,

356 2046 418 2099 loco
428 2044 508 2098 luisse
518 2044 613 2107 cxlt,
623 2040 652 2093 C.
664 2039 698 2094 dc
708 2054 760 2094 vet.
771 2042 868 2097 nuruis.
912 2054 970 2095 tum
984 2042 1013 2094 in
1029 2042 1195 2096 Bibliotheca
1211 2045 1307 2113 Regis,
1323 2058 1380 2098 tum
1393 2047 1422 2099 in

356 2138 414 2197 pot.
432 2137 548 2178 estruere
562 2134 682 2175 conetur.
702 2122 740 2173 Es
752 2140 869 2194 numque
913 2120 1007 2174 Museo
1025 2122 1054 2176 S.
1075 2121 1241 2175 Genovesae:
1262 2125 1327 2177 ulter
1346 2142 1423 2178 nurn-

356 2204 396 2257 nil
411 2203 485 2257 aliud
498 2214 617 2265 ctutum,
633 2218 713 2272 quam
733 2212 763 2253 ut
779 2201 869 2254 rendi·
912 2201 1001 2253 mulus
1017 2202 1145 2254 estuuius
1157 2203 1277 2273 scrupuli
1289 2202 1422 2274 pondere,

355 2296 402 2337 tor
425 2283 504 2355 pretii
528 2282 588 2335 loco
616 2293 736 2334 veterum
759 2298 869 2352 qnoque
910 2278 963 2333 hoc
984 2293 1037 2345 est,
1056 2300 1215 2351 granorum,
1232 2294 1263 2334 ut
1276 2283 1422 2354 loquimur,

355 2364 509 2436 principum
523 2378 647 2415 nummos
660 2360 780 2429 recipere
791 2378 869 2430 coga-
911 2359 991 2413 unius
1005 2372 1032 2412 et
1046 2361 1186 2413 vicenum:
1200 2361 1346 2432 epigraphe
1360 2364 1422 2416 tto-

355 2456 407 2497 tur.
427 2440 499 2495 Illud
519 2453 605 2495 sutem
626 2450 717 2511 operte
735 2438 869 2493 evincitur
910 2438 965 2491 ΜΛ
975 2460 983 2491 z
995 2438 1110 2511 plotium
1126 2442 1254 2511 geminato
1268 2443 1354 2496 litters
1369 2435 1421 2497 XX

354 2540 410 2576 non
429 2523 589 2576 iuretsrum
605 2531 725 2585 tuntum,
739 2517 785 2572 sed
799 2537 867 2592 quo·
909 2518 1063 2589 planissime
1089 2520 1221 2592 signatum
1238 2521 1326 2594 :quid
1347 2524 1420 2578 enim

355 2605 455 2656 rnuiris
465 2603 556 2656 solidis
571 2619 602 2654 ex
618 2601 698 2653 lun.
714 2599 745 2653 C.
761 2599 866 2654 Theod.
910 2598 982 2652 uliud
1001 2619 1032 2653 ea
1051 2613 1115 2653 note
1133 2603 1213 2667 velit,
1225 2621 1306 2673 quam
1322 2604 1422 2657 nicenis

353 2683 372 2738 l.
390 2701 424 2752 9,
437 2683 477 2735 tit.
496 2693 582 2747 21,et
597 2679 615 2731 l.
640 2698 671 2742 s,
690 2679 731 2732 tit.
747 2697 774 2747 7,
786 2679 805 2732 l.
822 2699 865 2734 ss.
909 2679 1043 2745 sestertiis,
1051 2681 1124 2733 utait
1132 2682 1242 2747 Plinius,
1249 2683 1422 2736 aestimatum?

354 2762 460 2827 Quibus
466 2762 493 2813 iu
503 2757 720 2814 locissolidorum
728 2770 782 2811 tom
792 2776 866 2829 sper·
909 2760 983 2812 Alter
997 2761 1156 2830 majusculus
1174 2760 1292 2832 pondere
1309 2764 1420 2816 omuino

354 2854 381 2896 ta
401 2841 521 2904 mentio,
543 2851 573 2892 ut
592 2837 652 2890 estis
673 2835 799 2890 demirari
818 2856 866 2890 ne·
908 2837 991 2908 triplo
1002 2840 1114 2909 majore,
1127 2842 1179 2893 hoc
1191 2843 1333 2906 est‚trium
1344 2861 1419 2895 scru-

353 2939 459 2994 questn,
469 2917 695 2992 quidhominibus
706 2915 865 2987 quibusdum
909 2918 1053 2988 polorum,
1070 2937 1115 2972 seu
1131 2939 1273 2991 granorum
1285 2922 1419 2991 sexaginta

353 3000 483 3053 hodierno
504 2997 548 3051 dio
566 2999 593 3050 in
617 3009 733 3049 mentem
753 2997 863 3050 veniet:
908 2996 990 3050 trium
1005 3016 1017 3056 ι
1031 2998 1112 3069 igitur
1126 3018 1269 3070 sexagenos
1286 3002 1419 3056 sestertios

352 3081 393 3134 uti
406 3078 476 3134 aliud
493 3077 602 3131 summis
618 3094 725 3148 quoque
736 3076 865 3148 principi·
909 3077 1171 3144 interessemus,
1182 3080 1419 3151 sire,quodidem

351 3162 402 3213 bus
413 3157 582 3231 persuadere,
601 3173 726 3228 coquere
741 3157 863 3210 virisbo·
906 3169 958 3218 est,
984 3155 1108 3210 denarios
1127 3157 1279 3231 quindecim
1295 3176 1302 3212 ε
1317 3172 1344 3214 et
1361 3174 1419 3214 tsn-

350 3241 392 3294 uis
421 3239 569 3312 periculum
600 3255 690 3290 creure
721 3249 860 3291 conentur.
905 3235 1024 3290 tumdern
1040 3239 1201 3292 vuleresuue
1216 3239 1331 3293 clumsut
1345 3240 1419 3294 litte·

351 3320 457 3374 Rectius
473 3320 566 3390 utique
585 3315 693 3380 facturi,
708 3316 729 3368 si
746 3330 793 3369 sut
810 3316 861 3388 ipsi
904 3336 941 3370 rte
956 3319 1007 3370 XV
1018 3317 1119 3370 ibidem
1133 3318 1278 3389 insculptas.
1291 3320 1386 3373 litun.

349 3399 406 3452 hsec
430 3398 583 3470 diligentius
603 3397 792 3466 investigarent
814 3409 862 3449 out
945 3397 989 3450 50.
1010 3396 1130 3450 Sestertie's
1143 3401 1243 3451 nicenis.
1264 3399 1356 3464 Quum
1374 3419 1416 3454 se-

349 3479 521 3532 cousulerent
532 3497 587 3538 eos,
604 3477 700 3546 quibus
713 3475 770 3529 hcc
782 3489 861 3542 nota,
904 3478 1009 3529 stertios
1020 3478 1048 3528 in
1066 3496 1168 3530 sumum
1180 3479 1267 3548 ulique
1282 3477 1419 3550 designan-

349 3558 565 3629 tntiqueriouln
579 3555 693 3627 Collybo
709 3568 860 3609 ccrtcsem·
904 3554 937 3608 do
958 3555 1048 3622 undis,
1066 3556 1238 3622 denariosve,
1260 3577 1324 3611 care
1350 3559 1416 3612 alios

349 3657 399 3709 per
418 3638 470 3690 hoc
488 3637 575 3707 ipsum
593 3635 769 3690 necessarium
789 3653 860 3700 esse,
904 3634 1035 3706 intelligas
1050 3635 1121 3708 apud
1142 3637 1238 3689 lutinos
1257 3639 1416 3710 scriptores,

348 3718 396 3789 qui
415 3727 508 3788 neget,
528 3715 670 3788 Anticyras
689 3713 860 3786 ablegandos.
904 3733 982 3786 quum
1000 3733 1068 3787 quos
1079 3717 1185 3787 antiqua
1200 3718 1312 3784 taxatio,
1327 3729 1353 3771 et
1370 3737 1417 3771 no·

349 3798 452 3852 Diuo.
903 3795 984 3848 minis
999 3795 1141 3865 originatio
1153 3797 1210 3867 ipss
1225 3796 1351 3859 declarat,
1362 3798 1417 3851 nisi

324 3894 328 3904 ·
389 3882 436 3942 48.
451 3877 512 3928 Post
525 3893 613 3927 aunum
624 3875 783 3928 munos
804 3886 858 3939 est,
903 3874 955 3944 ipsi
970 3887 1091 3929 suctores
1100 3877 1178 3929 aliter
1192 3875 1416 3948 socipiendssess

347 3975 416 4011 anno
430 3968 492 4029 post
503 3955 570 4010 Urb.
585 3953 718 4008 conditam
735 3954 799 4025 547,
811 3954 859 4024 qui
902 3972 980 4008 voces
993 3952 1167 4020 admoneant,
1182 3956 1256 4027 qnod
1267 3969 1306 4010 est
1320 3955 1415 4010 edmo-

347 4035 560 4092 tertiusdecitnus
571 4035 625 4088 tuit
634 4035 699 4090 belli
711 4034 806 4088 Punici
819 4051 875 4086 se·⁴
902 4032 966 4088 dum
980 4035 1143 4109 infrequens.
1157 4038 1250 4108 ltaque
1265 4038 1414 4090 sestertium

345 4115 444 4184 cundi,
458 4134 541 4188 quum
555 4115 686 4186 impensus
700 4113 759 4167 fieri
773 4113 856 4168 mexi-
901 4133 952 4185 pro
973 4113 1112 4188 dupondio
1133 4134 1164 4169 sc
1181 4117 1288 4170 semisse
1305 4136 1312 4166 τ
1331 4115 1415 4171 dena·
