3100 5125
353 535 428 608 332
589 541 651 608 Ὀ.
678 535 852 607 PLlNll
879 539 990 606 Nat.
1020 539 1152 606 HIST.'

351 695 472 765 pueros
486 670 584 758 duos,
602 671 637 737 in
656 667 776 763 quibu's
789 684 957 766 spectatur
973 670 1147 756 securitas,
1167 684 1200 738 et
1220 672 1325 740 aetatis
1339 671 1418 740 sirn-

349 775 499 872 plicitas:
517 777 596 844 item
613 776 816 846 sacerdotem
833 775 983 846 adstante
1002 799 1106 871 puero
1122 762 1229 844 cum'⁵¹
1251 800 1364 846 acerra
1381 792 1418 845 et

350 906 485 952 corona.
514 883 599 951 Sunt
628 895 662 949 et
691 882 765 951 duae
785 884 921 977 picturae
943 881 1013 974 ejus
1036 879 1252 951 'nobilissime
1272 908 1279 950 :
1303 881 1419 977 Hopli·

212 1053 216 1061 .
318 1014 325 1028 .
350 973 461 1057 tites⁵²
500 985 599 1073 alter,
626 989 663 1055 in
683 990 863 1057 certamine
884 989 931 1056 ita
952 987 1149 1073 decurrens,
1174 1001 1211 1056 nt
1231 987 1350 1058 sudare
1372 989 1418 1056 vi·

327 1187 330 1190 ⁴
351 1092 490 1164 dentur:
506 1090 589 1162 alter
602 1116 696 1162 arma
710 1093 902 1188 deponens,
918 1106 956 1162 ut
976 1091 1130 1162 anhelare
1145 1094 1313 1162 sentiatur.
1326 1097 1415 1162 Lau·

351 1198 473 1268 dantur
488 1212 522 1267 et
540 1201 677 1287 AEneas,
698 1204 881 1294 Castorque
899 1223 938 1268 ac
959 1197 1075 1268 Pollux
1095 1200 1140 1266 in,
1151 1198 1265 1268 eadem
1282 1198 1415 1268 tabula:

303 1331 332 1367 tt
352 1305 430 1374 item
443 1303 627 1400 Telephus,
639 1304 803 1392 Achilles,
821 1311 1069 1400 Agamemnon,
1085 1302 1226 1398 Ulysses.
1242 1305 1416 1374 Fecundus

352 1396 513 1496 artilex⁵³,
528 1410 586 1480 sed
602 1436 669 1505 quo
683 1417 781 1482 nemo
799 1411 991 1482 insolentius
1008 1425 1042 1482 et
1059 1411 1265 1504 arrogantius
1280 1413 1322 1482 sit
1335 1435 1416 1480 usus

351 1516 458 1616 gloria
470 1518 566 1585 artis:
580 1541 724 1610 namque
737 1532 772 1586 et
785 1519 982 1611 cognomina
996 1518 1179 1610 usurpavit,
1188 1515 1415 1586 Abrodiaetum

351 1647 386 1692 se
397 1621 594 1717 appellando
601 1609 638 1710 ⁵⁴,
654 1622 790 1718 aliisque
807 1624 917 1693 verbis
926 1609 951 1648 ⁵⁵
972 1624 1155 1717 principem
1175 1623 1272 1709 artis,
1289 1613 1323 1691 et
1340 1646 1415 1692 eam

349 1729 393 1798 ab
413 1753 448 1798 se
463 1744 735 1798 consummatam.
756 1732 864 1826 Super
878 1729 989 1798 ornnia
1009 1726 1168 1822 Apollinis
1186 1752 1220 1799 se
1240 1727 1349 1798 radice
1366 1753 1417 1804 or·

390 1942 437 1996 51.
454 1942 516 1997 Cast
531 1962 625 1994 acerm.
640 1944 738 1996 Acerra
749 1941 857 1996 videtur
901 1943 1027 2004 Mollem,
1049 1942 1190 1996 delicatum
1200 1941 1326 2007 ,lautum
1337 1940 1415 1995 idem

349 2021 429 2074 fuisse
440 2022 529 2074 ercule
543 2021 677 2085 thuraria,
690 2022 717 2074 in
732 2041 784 2092 que
799 2023 859 2076 tltus
901 2023 997 2076 AElisu.
1005 2023 1103 2076 Hister.
1110 2021 1158 2074 lib.
1168 2021 1221 2087 tx,
1240 2037 1298 2091 cap.
1313 2039 1364 2087 rr,
1377 2040 1417 2074 re·

349 2099 857 2156 incendiadsuffirnentumsolet.0rid.
902 2102 954 2156 l'ert
980 2121 1044 2155 enin
1077 2118 1209 2173 purpurea
1239 2113 1309 2152 reste
1335 2119 1414 2154 usum

350 2180 419 2232 Fest.
441 2181 498 2243 tv,
521 2179 577 2248 934
594 2198 601 2232 :
621 2205 633 2228 ι
655 2181 778 2253 Cumque
792 2181 859 2238 meri
903 2181 1280 2252 inisse‚ceputeureacorona
1289 2178 1415 2234 redimire

349 2273 441 2330 petere
459 2259 545 2312 thuris
559 2277 648 2312 nemra
659 2260 718 2312 init.
728 2286 739 2308 ι
750 2261 860 2312 Utrum·
902 2261 1025 2321 solitum,
1040 2261 1186 2330 scipionem
1207 2269 1308 2331 gestare
1328 2261 1415 2312 eureis

350 2356 403 2409 qne
423 2339 523 2409 pariter
538 2338 626 2409 jungit
646 2353 673 2392 et
700 2340 806 2393 Tullius
825 2339 859 2393 de
902 2334 1416 2402 claviculiscimnmdnmmcatceorum·

348 2419 430 2488 legg.
444 2419 484 2481 tl,
498 2434 522 2470 c.
538 2423 588 2480 sd.
604 2413 682 2478 560:
699 2445 711 2466 ι
722 2419 786 2473 Heu
795 2439 860 2490 prte-
903 2439 955 2493 que
978 2439 1053 2473 ausas
1076 2419 1167 2489 ligulis
1188 2417 1275 2472 aureis
1298 2418 1415 2472 obstrin-

349 2509 487 2552 terusum
494 2497 521 2548 iu
528 2497 630 2568 legibus
636 2495 671 2549 de
677 2511 861 2552 unctura...ue
902 2517 977 2570 gers,
990 2511 1019 2552 ut
1032 2518 1088 2552 non
1100 2497 1233 2552 immerito
1246 2489 1414 2569 relapsam-

349 2590 504 2648 sumptuosa
516 2578 650 2648 aspersio,
671 2574 706 2630 ne
719 2578 803 2649 longa
816 2598 862 2632 oo-
903 2600 944 2633 res
957 2578 1416 2650 cognominaret.Drnsc.-Cogno·

349 2674 437 2720 rone,
445 2674 480 2709 ne
488 2674 585 2709 acerras
594 2670 792 2727 proterrentur.
804 2684 815 2707 ι
826 2658 859 2711 ll.
903 2662 968 2711 mian
981 2664 1112 2729 usurparit,
1121 2660 1287 2712 Abmdt'oetant
1296 2678 1322 2711 se
1332 2661 1415 2729 appel·

392 2734 436 2789 Sa.
458 2736 600 2812 Hoplitites.
626 2738 666 2790 Ita
687 2737 753 2807 Reg.
778 2758 804 2791 s.
826 2739 859 2791 In
903 2738 984 2791 lando
995 2740 1086 2793 Exstat
1103 2738 1234 2791 Parrhasii
1253 2738 1416 2809 epigntnuts

349 2813 429 2867 editis
441 2814 572 2879 ridicule,
590 2816 732 2884 inplittdes5
750 2836 811 2869 narn
825 2816 860 2869 de
903 2818 975 2889 spnd
991 2816 1161 2880 Athenaeum,
1176 2818 1314 2887 Xll,psg.
1334 2817 1413 2879 543,

349 2893 456 2947 feminis
478 2894 561 2965 accipi
586 2894 634 2948 iste
658 2913 714 2947 non
739 2910 861 2967 possum.
903 2896 975 2969 quod
992 2898 1036 2950 ille
1056 2898 1166 2968 picturis
1191 2897 1244 2949 suis
1268 2896 1415 2951 inscribere

319 3033 322 3040 ,
349 2963 498 3034 detinent,
517 2974 565 3044 qui
590 2973 692 3027 Polluci
716 2972 863 3047 ὁπλιτοὲρόι,
903 2973 1011 3030 solitum
1035 2977 1150 3029 ierunt:
1176 2967 1339 3045 lapsante<
1355 2976 1414 3046 ἀνὴρ

241 3070 257 3093 1
349 3071 410 3122 μσς,
422 3050 562 3106 dicebatur
574 3052 654 3123 isqui
670 3066 785 3107 armatus
799 3072 860 3108 cur·
903 3057 990 3126 &persis
1004 3076 1031 3109 rs
1050 3054 1128 3109 aiens
1143 3048 1198 3108 τόδ’
1214 3055 1303 3125 Ιγραψι
1316 3057 1416 3127 Hadid·

349 3132 426 3185 tebet
443 3152 450 3183 ι
467 3130 544 3203 qnod
556 3132 586 3185 in
598 3132 749 3205 Olympieis
761 3135 860 3199 fiebat,
903 3154 970 3199 ster,
1003 3142 1095 3195 κλιινῆς
1120 3130 1238 3205 πατρίδος
1260 3134 1285 3197 ἐξ
1313 3124 1414 3204 dplsou.

349 3225 377 3265 et
397 3212 455 3263 eliis
473 3212 553 3265 sacris
573 3212 768 3266 certaminibus.
789 3212 860 3267 Vide
907 3216 996 3267 clleo
1012 3215 1100 3286 pinxit
1116 3214 1219 3277 mollis,
1236 3214 1344 3267 virtutis
1357 3216 1415 3268 cul·

350 3291 492 3345 Platonem
511 3289 547 3344 de
570 3293 650 3361 legg.
665 3292 744 3347 vltt.
767 3292 859 3347 lltnn.
904 3307 957 3359 tor,
973 3306 1001 3347 et
1023 3293 1095 3347 idem
1116 3295 1192 3347 Clare
1212 3292 1369 3347 Parrhasius
1383 3312 1415 3347 ex

349 3401 390 3413 --
400 3372 532 3441 Hople'tites
549 3372 620 3424 alise
640 3372 712 3424 Brot.
725 3390 758 3425 ex
780 3370 859 3426 codd.
904 3374 1011 3444 Epheso
1022 3375 1115 3445 patrie.
1129 3398 1140 3421 ·
1160 3369 1252 3425 Hinc.

349 3451 433 3522 Regg.
445 3463 473 3503 et
487 3448 606 3503 editione
619 3448 743 3522 principe
757 3465 861 3522 postre-
946 3452 992 3507 55.
1010 3455 1120 3525 Alit'sque
1134 3450 1221 3503 uerbis.
1240 3452 1310 3517 Quae
1322 3454 1415 3507 recitat

350 3548 424 3582 mutu
441 3529 552 3583 verbum
568 3528 645 3583 delet.
657 3532 709 3583 En.
905 3531 977 3585 idem
990 3534 1147 3595 Atheneus,
1160 3532 1212 3583 loc.
1226 3532 1271 3585 cit.
1285 3534 1352 3602 Φημὶ
1368 3533 1414 3603 γὰρ

392 3608 728 3677 ”summouisse-De
739 3610 860 3683 Lysippo
904 3607 1057 3679 senatvm
1077 3612 1190 3682 stipantes
1207 3612 1322 3680 rippam
1337 3607 1413 3671 τῆςδι

349 3688 473 3759 superins
482 3688 612 3753 xxxttt,
625 3706 677 3758 19:
693 3716 704 3737 ·
715 3688 861 3770 Fecpndis·
905 3696 971 3761 cepti
987 3694 1071 3762 nepta
1080 3692 1255 3762 ip'slptrlput·
1267 3688 1416 3760 tastame-

349 3768 422 3821 sitne
444 3768 523 3833 artis,
544 3769 591 3839 qui
604 3768 718 3839 plurime
729 3788 761 3821 ex
772 3771 861 3827 omiti·
904 3790 945 3832 τος
956 3767 987 3823 dl
1007 3772 1118 3842 πίπηγιν
1138 3765 1221 3840 Οὖρις·
1238 3768 1374 3839 ἀμώμητον
1388 3765 1415 3821 d'

348 3847 557 3919 linesigneiecit.
566 3872 578 3896 ι
591 3848 666 3899 Infra
676 3827 711 3899 de
720 3847 862 3915 Antidmo,
905 3846 974 3903 steti
989 3852 1072 3920 Ιγιντο
1081 3852 1184 3920 βροτοῖς.
1193 3848 1273 3901 «dam
1280 3847 1342 3901 dico
1351 3868 1416 3919 pro·

350 3945 409 3997 cap.
423 3938 476 3991 ao:
493 3952 506 3975 ι
520 3929 581 3998 Ipse
593 3925 763 3998 diligentior,
780 3947 861 3999 quatu
905 3930 975 3983 lecto
985 3930 1072 4000 Hujus
1081 3928 1154 3982 adest
1162 3924 1225 3981 antii
1233 3940 1302 3981 meta
1310 3940 1414 3997 reperta

350 4007 525 4059 numerosior.
540 4031 552 4053 s
570 4008 610 4059 De
623 4006 783 4077 Protogene:
799 4035 810 4057 ι
826 4010 860 4063 Et
905 4008 982 4063 milti.
997 4008 1053 4061 Hoc
1065 4021 1163 4061 nostrae
1181 4006 1288 4061 valuere
1300 4026 1412 4059 manus:

349 4083 414 4139 ideo
428 4087 515 4139 minor
528 4085 679 4139 fertilitas·
696 4085 785 4139 Haeo.
904 4088 1056 4159 prestantia
1069 4089 1174 4158 lingunt
1191 4109 1197 4137 τ
1220 4086 1360 4157 lucnlpnta
1377 4099 1415 4139 ts·

392 4165 438 4227 tt.
464 4162 630 4219 Abrodt'oettssi
655 4184 680 4217 ss
706 4168 859 4236 appellando.
904 4166 1270 4238 mennullarepertariris.·
1286 4164 1394 4219 litun·
