3100 5125
367 437 436 532 ¹74
484 510 491 520 ,
634 433 673 502 c.
701 433 867 504 ruitur
891 431 998 502 nir.
1025 431 1156 503 urse.

365 572 547 640 Artemona
558 551 597 654 ³⁴,
607 566 665 660 qui
682 565 918 661 Periphoretoe
930 563 1115 660 appellatus
1131 579 1189 636 est.
1202 567 1267 638 Hie
1280 589 1442 640 consum·

365 700 474 747 masse
496 675 583 745 hanc
604 674 775 744 seintiam
795 673 982 767 judicatur,
1003 685 1037 741 et
1055 674 1239 742 toreuticen
1247 658 1272 698 ³⁵
1292 676 1338 746 sic
1354 699 1440 745 em-

365 782 471 870 disse‚
490 795 528 850 ut
550 779 682 850 Phidias
711 781 891 874 aperuisse.
917 779 1095 872 Proprium
1110 777 1274 871 ejusdem,
1297 795 1335 850 ut
1362 805 1441 850 uno

368 913 467 959 crure
481 888 670 956 insisterent
678 887 771 980 signa
777 872 816 974 ³⁶,
827 885 1049 980 excogitasse:
1064 884 1225 978 quadrata
1231 873 1256 926 ³⁷
1271 901 1383 956 tamen
1394 909 1440 956 eu

371 1019 443 1064 esse
460 992 562 1062 tradit
581 995 707 1077 Varro,
732 1007 768 1062 et
787 1014 881 1087 paene
902 989 945 1060 ad
967 1015 1070 1060 unum
1089 991 1286 1086 exemplum.

334 1111 351 1162 o
424 1102 600 1194 Myronem
611 1084 636 1122 ³⁸
651 1097 840 1169 Eleutheris
854 1111 986 1181 natum,
999 1111 1034 1166 et
1045 1098 1153 1192 ipsum
1168 1097 1319 1192 Ageladae
1334 1098 1441 1168 disci·

368 1206 504 1303 pulum,
525 1189 679 1276 bucula³⁹
696 1207 838 1274 maxime
856 1202 1063 1291 nobilitavit,
1087 1202 1261 1274 celebratis
1283 1205 1440 1274 versibus

367 1369 481 1423 alterurn
502 1366 593 1419 Rome
615 1363 686 1419 fcit:
707 1385 789 1438 qnam
809 1367 879 1421 belle
924 1385 1002 1438 quam
1014 1365 1283 1437 juventnelegsntir:
1296 1363 1440 1440 indeque·

369 1447 482 1502 enimin
490 1465 524 1500 eo
534 1447 634 1512 verbo,
647 1449 690 1518 qai
701 1448 797 1510 nona,
812 1447 881 1502 deri·
924 1445 1000 1500 drrta
1014 1441 1058 1499 illa
1068 1463 1189 1516 corpore.
1200 1446 1265 1499 Tale
1278 1460 1365 1500 autem
1376 1465 1441 1500 cor·

367 1528 411 1583 nit
437 1526 539 1590 oratio,
563 1544 618 1597 quo
644 1525 767 1579 membro
796 1527 880 1600 priori
923 1523 1079 1598 puslaudrt
1094 1525 1271 1590 Celsur‚11‚r
1286 1546 1293 1578 :
1310 1527 1441 1599 =Corput

368 1609 502 1680 posterius
522 1618 610 1658 exrcte
635 1607 806 1677 opponitur?
828 1609 881 1660 De·
925 1618 1013 1659 autem
1045 1604 1237 1658 habilissimum
1272 1605 1439 1676 quadratum

370 1683 434 1742 inde
448 1681 483 1738 ad
500 1685 550 1737 alia
562 1683 618 1738 duo
638 1683 728 1755 signe,
749 1687 882 1751 transilit,
925 1685 1196 1755 est,nequegrrcile,
1208 1703 1297 1755 neque
1310 1686 1438 1750 obesum,

370 1783 429 1839 quc
447 1763 562 1829 Grecis,
582 1777 612 1816 ut
632 1765 714 1828 solet,
735 1765 825 1819 verbis
844 1763 883 1818 ei·
926 1777 975 1817 ete.
995 1789 1006 1810 ι
1023 1765 1108 1816 Bnor.

371 1845 494 1900 serenio
508 1843 579 1896 enim
591 1841 664 1914 prius
677 1844 881 1915 ᾰςραγολίζονοις
968 1841 1013 1898 38.
1032 1843 1167 1914 Myronem«
1192 1845 1232 1898 De
1255 1843 1439 1914 qn0.dictum

371 1937 399 1979 et
411 1920 624 1989 διοδούμινος,οῑ
633 1917 761 1994 δορυφόρος
771 1937 883 1989 ,etmox
927 1935 965 1975 est
976 1921 1052 1975 initio
1061 1922 1140 1994 hujus
1149 1921 1343 1996 cepitis.Netnr
1357 1924 1439 1978 Eleu·

371 2005 529 2076 πιριρόρητος
539 2002 695 2073 appellatur.
706 1995 829 2076 Ᾰλιξητὴρ
840 2022 885 2056 eu·
926 2001 1009 2055 theris
1024 2003 1131 2056 Boectiae
1147 2001 1264 2074 oppido,
1287 2003 1439 2056 Athenien·

373 2095 429 2137 tem
439 2080 504 2156 qnid
518 2081 561 2145 sit,
573 2081 620 2154 qui
632 2100 732 2152 grreeos
746 2083 884 2136 tontesvel
925 2082 995 2134 sium
1008 2093 1096 2134 tumen
1110 2079 1181 2135 idem
1192 2082 1298 2136 civitate
1308 2081 1437 2136 donatus:

373 2163 467 2217 leviter
478 2159 667 2232 degustarunt,
681 2162 784 2216 sciunt:
800 2176 826 2216 et
835 2181 886 2216 nos
928 2159 1038 2214 undeet
1051 2159 1218 2214 Atheniensis
1230 2181 1358 2234 sempera
1370 2164 1441 2216 Pau·

373 2261 454 2315 supra
467 2239 591 2294 diximus.
604 2239 694 2294 Hinc.
928 2239 999 2292 sanis
1013 2239 1172 2310 appelletur,
1183 2254 1212 2294 ut
1223 2241 1305 2296 Eliae.
1315 2243 1439 2313 postvl,

416 2322 463 2386 34.
478 2321 791 2391 Ανοιοοοοο.Ποριρο’ρητος
809 2321 884 2374 Arte·
928 2337 989 2390 pag.
1017 2315 1082 2382 345.
1107 2321 1300 2392 Commigrarse
1322 2323 1440 2376 Athenas

373 2400 467 2466 moni,
483 2398 577 2452 artifici
606 2409 735 2471 μοχονικῷ
760 2401 885 2471 egregio,
928 2397 1077 2452 Eleutherio
1090 2399 1160 2454 cives
1178 2419 1272 2454 omnes
1286 2401 1439 2469 aiunt‚ihi·

376 2497 527 2552 cognomen
555 2476 645 2541 hesit,
672 2477 747 2550 quod
775 2477 886 2532 claudus
929 2497 982 2550 que
996 2491 1126 2549 receptos.
1142 2479 1234 2534 Hrun.

373 2573 456 2625 esset,
476 2568 502 2611 et
515 2554 548 2611 ad
561 2577 644 2628 opera
658 2558 750 2612 lectica
767 2558 886 2613 deferre·
971 2559 1017 2629 39.
1026 2554 1131 2613 Baculo.
1142 2559 1222 2615 ovid,
1236 2559 1270 2615 de
1280 2560 1375 2627 Ponto,
1387 2561 1440 2627 IV,

319 2664 324 2671 ·
376 2654 430 2693 tur.
441 2638 485 2692 Sic
495 2638 621 2709 Ephorus
632 2638 704 2709 opud
713 2638 886 2692 Plutarchum
930 2638 1003 2711 Eleg.
1024 2658 1051 2703 1,
1067 2659 1093 2693 v.
1107 2640 1142 2704 34
1157 2660 1164 2692 :
1181 2666 1192 2687 ι
1203 2642 1241 2695 Ut
1255 2642 1348 2695 similis
1368 2660 1439 2695 verre

375 2720 404 2773 in
426 2718 542 2783 Pericle,
567 2736 628 2789 pag.
646 2722 710 2789 167.
734 2717 887 2771 Heraclides
930 2737 1008 2773 vacca
1022 2708 1143 2791 Myronis
1154 2722 1290 2791 opus-ln
1301 2721 1439 2791 hanchly-

271 2856 277 2872 .
376 2811 468 2853 contra
479 2798 605 2850 Ponticus
618 2816 649 2849 ex
664 2800 831 2850 Anacreonte
844 2816 887 2849 re·
930 2798 1004 2851 ronis
1016 2799 1141 2851 buculam
1157 2801 1343 2872 epigrammata
1354 2819 1440 2872 grsece

377 2881 428 2932 t'ert
452 2874 552 2930 ibidem
575 2877 662 2929 virum
686 2877 793 2930 mollem
814 2877 887 2929 hune
930 2876 1094 2931 diversorum
1121 2892 1260 2951 poetarum
1288 2881 1439 2952 plenissime

376 2957 470 3020 tutem,
497 2954 699 3022 meticulosum,
730 2954 805 3009 domi
831 2956 887 3009 fere
931 2957 1065 3028 elegantia
1089 2977 1118 3011 ac
1139 2960 1255 3031 leporis,
1271 2960 1353 3013 ferme
1372 2979 1438 3031 qua·

377 3035 506 3099 residem,
532 3037 607 3106 cujus
631 3056 711 3108 supra
731 3048 827 3107 caput,
853 3054 888 3089 ne
930 3036 1437 3111 drogenareperiesinhuthologie,lV,

303 3181 306 3185 λ
376 3114 443 3189 quid
455 3134 571 3186 superne
584 3114 733 3181 decideret,
747 3116 818 3169 servi
833 3111 888 3169 duo
934 3121 960 3179 ti.
970 3116 1065 3171 Latina
1074 3114 1198 3171 undecim
1209 3118 1284 3191 apud
1291 3120 1438 3175 Ausonium

377 3198 503 3269 clypeum
519 3194 888 3249 reneumtenereut:lectulo
930 3197 964 3249 ab
984 3194 1077 3267 Epigr.
1101 3216 1160 3251 uvir
1183 3196 1216 3251 ad
1241 3218 1337 3254 nxvru.
1367 3200 1437 3253 Illud

377 3272 471 3347 pensili
494 3274 658 3328 circumferri
676 3275 782 3328 solitum
800 3295 806 3326 ε
825 3274 888 3329 inde
932 3271 1054 3349 quodibi
1068 3289 1106 3329 cst
1121 3276 1440 3350 ordineprimnm‚juvet

376 3357 533 3427 περιφόρητον
548 3367 740 3425 nuncupatum.
755 3343 845 3408 liano.
931 3356 975 3409 hie
993 3356 1092 3409 referre
1110 3358 1146 3409 ob
1161 3358 1318 3429 elegantiam
1333 3379 1339 3411 :
1361 3382 1371 3407 ι
1386 3360 1439 3413 Bu·

419 3434 465 3488 35,
490 3434 527 3487 Et
548 3440 683 3488 toreuticen.
711 3438 803 3487 Artem
830 3453 888 3507 qum
932 3436 991 3489 cula
1005 3436 1143 3501 eumenio
1157 3438 1286 3508 genitoris
1299 3440 1365 3493 iacta
1379 3439 1438 3510 My·

376 3514 513 3587 sculpture
528 3513 625 3581 latine,
641 3528 667 3568 et
683 3515 806 3568 celatura
823 3514 888 3569 dici·
931 3516 1003 3569 ronis
1016 3519 1110 3569 AErea:
1124 3534 1175 3569 nec
1194 3517 1289 3571 facturn
1300 3538 1343 3573 rue
1358 3531 1439 3589 puto,

377 3609 429 3648 tur.
446 3594 536 3647 Hauc.
932 3594 977 3647 sed
991 3595 1114 3666 genitam.
1133 3596 1176 3649 sic
1195 3617 1237 3650 me
1256 3611 1347 3651 taurus
1368 3600 1437 3653 init:

419 3672 465 3728 36.
481 3672 515 3727 Ut
528 3692 651 3724 ancoram
662 3675 797 3725 insisterent
808 3676 888 3743 signa.
933 3674 971 3728 sie
984 3676 1105 3745 proxime
1122 3674 1219 3729 bucula
1234 3678 1331 3749 mugit:
1345 3678 1387 3733 Sic
1399 3679 1438 3731 ri·

377 3754 442 3807 Tale
456 3752 558 3824 signum
580 3771 683 3805 reneum
703 3753 790 3806 visum
812 3752 887 3807 mihi.
933 3756 1004 3808 tulus
1031 3754 1123 3809 sitiens
1145 3757 1229 3809 ubera
1255 3771 1345 3811 nostra
1367 3760 1439 3827 petit.

377 3834 415 3887 Ea
424 3846 478 3886 tota
489 3830 556 3884 ratio
566 3832 683 3884 consistit
695 3830 723 3883 in
737 3832 814 3887 linem
827 3852 888 3904 per·
932 3832 1054 3899 Miraris,
1066 3834 1139 3906 quod
1151 3836 1214 3889 lello
1226 3836 1348 3908 gregem?
1357 3838 1439 3908 gregis

280 3926 284 3934 ·
376 3910 557 3985 pendicularie
567 3910 731 3964 inventione.
747 3913 815 3965 nir.
933 3913 989 3985 ipse
1005 3915 1143 3985 magister,
1160 3916 1234 3969 Inter
1250 3929 1384 3987 pascentes
1399 3937 1438 3973 me

417 3990 463 4062 37.
478 3990 606 4060 Quadrata
617 4004 695 4042 tanen
705 4012 741 4044 ea.
751 3992 822 4045 Tum
832 3992 888 4063 pla·
930 4012 1071 4047 numerere
1080 3996 1155 4049 solet.
1162 4021 1173 4042 ι
1182 3995 1255 4048 Vide
1269 4010 1295 4051 et
1303 3998 1319 4048 J
1321 3997 1366 4051 oh.
1376 3992 1440 4051 Tze·

374 4073 451 4127 cebet
474 4071 558 4141 magis
581 4070 663 4123 etatis
687 4069 771 4123 virilis
792 4072 885 4139 robur,
931 4084 1002 4131 tren.
1021 4074 1326 4145 Chil.vrrr,llist.194,
1339 4077 1437 4147 nin.
