3100 5125
480 548 634 615 LIBER
658 549 841 618 xxxin.
1126 550 1191 622 133

119 685 153 751 in
173 695 308 750 cretam
323 680 499 751 Eretriam.
511 681 572 749 Vis
589 680 660 773 ejus
676 682 712 749 in
727 680 908 768 medicina,
929 695 967 750 ut
986 696 1105 811 purget
1119 682 1191 751 hul·
1212 706 1227 757 3

119 810 206 858 oeta.
238 789 362 881 Itaque
389 800 426 855 et
453 784 637 879 emplastris
663 785 826 880 adjiciunt
852 812 860 855 :
888 784 985 856 item¹
1030 790 1191 859 causticis.

119 896 378 962 'l'eriturautem
395 890 589 965 difficillime
605 891 642 961 sil
652 891 686 961 ¹⁷.
702 896 742 961 ln
755 892 921 962 medendo
931 878 955 917 ¹⁸
977 890 1092 962 leviter
1102 919 1192 964 mor·

122 1000 192 1083 det,
210 1000 460 1093 astringitque,
484 1012 519 1067 et
537 997 645 1093 explet
661 998 807 1068 hulcera.
827 1002 946 1070 Uritur
961 1000 995 1068 in
1018 998 1193 1086 fictilibus,

121 1121 156 1174 ut
183 1107 311 1200 prosit.
349 1105 460 1174 Pretia
489 1129 617 1193 rerum,
643 1130 717 1200 quae
744 1129 883 1200 usquam
911 1106 1104 1200 posuimus,
1125 1131 1192 1175 non

121 1214 320 1307 ignoramus
341 1210 404 1280 alia
419 1212 454 1279 in
472 1210 543 1281 aliis
561 1209 641 1280 locis
660 1236 748 1298 esse,
769 1226 804 1280 et
819 1212 972 1281 omnibus
991 1236 1084 1306 paene
1099 1216 1193 1282 annis

121 1320 259 1402 mutari,
283 1332 387 1413 prout
410 1318 636 1412 navigationes
658 1319 887 1403 constiterint,
920 1333 978 1387 aut
997 1332 1035 1387 ut
1056 1320 1192 1413 quisque

122 1438 293 1493 mercatus
318 1425 375 1511 sit,
402 1438 460 1492 aut
488 1422 605 1517 aliquis
630 1424 812 1518 prevalens
837 1448 994 1518 manceps
1024 1448 1191 1495 annonam

122 1528 326 1624 flagellet¹⁹r
346 1554 415 1599 non
433 1528 528 1600 obliti
544 1532 790 1621 Demetriuma
812 1544 883 1600 tota
900 1529 1038 1625 seplasia
1048 1527 1072 1554 ²⁰
1088 1530 1192 1600 Nero·

123 1638 170 1704 nis
185 1637 385 1732 principatu
402 1651 593 1706 accusatum
616 1636 707 1731 apud
723 1634 875 1707 consules
890 1662 898 1703 ε
911 1638 989 1731 poni
1008 1650 1119 1705 tamen
1135 1662 1190 1705 ne·

122 1745 305 1812 emsarium
323 1742 407 1827 fuit,
432 1764 506 1837 qttae
533 1740 729 1838 plerumque
750 1758 846 1813 erant
866 1744 1000 1827 Roma,
1022 1757 1061 1812 ut
1077 1745 1190 1839 expri-
1271 1814 1278 1831 ,

123 1864 271 1919 meretur
290 1850 470 1919 auctoritas
486 1873 609 1917 rerum.

123 2032 260 2085 incarnlei
275 2032 634 2103 experimsntoPlinius,sie
679 2050 735 2103 quo
755 2032 917 2103 exemplari,
947 2058 957 2080 ι
983 2035 1078 2088 teritur
1104 2046 1191 2087 autern

122 2112 196 2164 aiam
212 2112 242 2163 in
265 2111 317 2165 sile
339 2110 480 2183 probando
495 2111 635 2165 Vitruvius
677 2110 852 2177 difficillimas
867 2138 878 2160 ι
894 2113 1006 2167 verbnm
1018 2132 1083 2168 vero
1094 2114 1191 2167 sitnon

123 2191 215 2244 siolsur
227 2189 436 2256 adsciscitis&
451 2198 503 2256 14,
517 2210 546 2263 p.
560 2192 632 2253 rsa:
678 2191 776 2263 legitur
789 2189 900 2245 ibidem.
916 2191 995 2245 Pur.

126 2271 239 2343 ⁸1tsque
261 2272 407 2336 tinetmm,
428 2271 529 2342 inquit,
549 2288 633 2341 qnnsn
721 2273 765 2325 18.
780 2272 810 2323 lu
825 2271 947 2325 medendo.
964 2273 1053 2327 Diose.
1065 2273 1102 2338 V,
1126 2276 1189 2340 108,

123 2350 212 2405 volunt
233 2350 272 2403 sil
293 2350 413 2403 Atticum
439 2351 555 2415 imitsri,
577 2350 635 2403 vio·
677 2348 822 2413 deuehra,
839 2350 1070 2406 avasitarum.

123 2429 170 2482 lun
195 2430 305 2483 aridum
334 2430 509 2501 conjicientes
535 2431 564 2483 in
590 2448 637 2483 vss
722 2449 766 2498 ¹9·
785 2429 915 2481 Auuonuns
926 2431 1047 2501 flagellet.
1073 2431 1125 2483 Alii
1147 2432 1190 2483 iu·

123 2526 178 2561 eunt
194 2528 284 2583 sque,
300 2510 517 2564 confervelsoere
536 2508 636 2566 fuciunt
677 2506 805 2572 uendere,
839 2526 932 2572 urere,
970 2509 1189 2575 exeundefsrere,

124 2589 153 2642 sd
164 2590 275 2662 ignem:
294 2589 394 2644 deinde
412 2608 496 2662 quum
517 2603 556 2644 est
570 2604 635 2643 tem·
679 2607 773 2643 vexare
786 2586 893 2653 dieunt,
904 2589 957 2642 hoe
972 2591 1137 2654 est‚inlerre
1146 2609 1189 2646 cu·

125 2683 262 2738 pmtnm,
283 2669 432 2742 conjiciunt
452 2672 480 2723 in
502 2670 633 2732 linteum,
676 2668 784 2723 ritstesu
798 2667 1021 2723 aunuumflsun.

125 2762 149 2801 et
159 2749 222 2804 inde
234 2750 363 2804 mnibus
378 2750 574 2821 exprimentes,
591 2768 634 2804 re-
721 2767 765 2802 so.
773 2749 801 2801 A
810 2759 862 2800 tota
870 2749 982 2819 seplasia.
993 2750 1093 2822 Capusr
1099 2749 1188 2802 forum

126 2829 225 2899 cipiunt
247 2830 278 2883 iu
299 2830 458 2883 mortarium
480 2848 577 2902 squam
600 2847 633 2883 ex
677 2843 704 2883 et
721 2829 796 2883 viena
814 2828 882 2892 luit,
900 2828 929 2882 in
946 2847 1000 2900 quo
1021 2830 1188 2901 unguentarii

126 2908 633 2974 rioliseolorstsm,etexesl·3retrism
676 2908 890 2979 negotiabuntur,
916 2921 947 2962 ut
974 2908 1038 2962 slibi
1063 2907 1188 2964 diximus.

127 2988 330 3058 perfundentes,
343 3002 370 3043 et
379 2992 433 3060 ism
450 3001 581 3054 terentes,
593 2988 633 3040 ei·
676 2987 737 3042 llos
745 2989 806 3042 loco
816 2988 1004 3059 unguentarios
1013 2989 1087 3042 urbis
1097 2989 1189 3043 llornae

126 3069 217 3123 liniunt
230 3070 289 3124 silis
304 3068 387 3122 Attici
400 3070 526 3123 colorem.
538 3095 550 3117 ι
567 3069 600 3122 ll.
678 3081 757 3140 stqne
771 3067 963 3139 pigmentsrios
974 3081 1099 3142 putamus
1112 3068 1191 3122 intel·

165 3153 207 3203 16.
232 3150 295 3202 Ieess
313 3152 434 3202 camum.
451 3145 559 3202 Modiee
575 3165 636 3202 ese·
677 3147 740 3220 ligi,
762 3147 940 3219 appellatione
960 3146 1076 3202 deductu
1099 3148 1134 3201 sb
1158 3165 1190 3201 so

126 3227 184 3280 dere
197 3229 288 3282 Diose.
307 3229 346 3282 sit
359 3229 474 3294 vdua.
489 3226 581 3281 Hisn.
677 3228 778 3300 Cspusr
793 3227 867 3290 sino,
881 3227 928 3298 qui
941 3228 993 3282 luit
1003 3227 1046 3282 his
1059 3227 1191 3282 mercibus

166 3306 634 3379 ersrs'tus-dsfficiliimesillnsnti·
678 3307 832 3362 sttribntnl.
847 3306 940 3362 llssn.
