3100 5125
328 471 332 478 ’
376 515 448 587 608
642 517 681 586 c.
710 517 877 587 aurun
902 516 1008 588 uir.
1037 515 1166 584 ursr.

377 675 448 720 esse
458 647 601 719 tradunt.
612 649 761 716 Tertium
774 645 886 717 locum
896 647 1052 743 AEgyptii⁷
1061 647 1185 716 habent
1195 649 1441 742 ,quieruuntur

377 759 466 827 circa
477 758 610 849 Copton
625 733 784 848 oppidum
796 755 972 823 Thebaidis
990 756 1024 822 iu
1040 739 1202 842 collibus⁸,
1220 781 1261 824 ex
1274 757 1438 826 cautibus.

345 900 360 934 2
378 862 517 956 Reliqua
524 859 658 954 genera⁹
668 862 704 928 in
717 851 854 929 nietallis
863 861 982 934 erariis
993 861 1213 928 inveniuntur.
1225 863 1441 956 Quapropter

379 967 602 1063 principatum
629 991 671 1034 ex
691 967 730 1034 iis
759 967 873 1060 Cy'prii
894 967 1073 1036 obtinent:
1102 965 1227 1059 dosque
1251 991 1370 1036 eorum
1393 983 1440 1038 est

378 1099 440 1142 nec
458 1075 491 1142 iu
512 1071 623 1142 colore
639 1070 784 1166 liquido,
801 1097 863 1142 nec
881 1071 1005 1159 diluto,
1024 1097 1141 1141 verum
1158 1095 1199 1140 ex
1212 1073 1353 1142 humido
1372 1077 1441 1168 pin·

377 1180 450 1274 gui,
474 1203 603 1272 quaque
624 1179 1024 1273 perspiciatur,-imitaute
1045 1177 1282 1249 translucidum
1292 1177 1318 1204 ¹⁰
1332 1204 1439 1248 mare:

377 1286 565 1380 pariterque
579 1283 835 1354 translucentem
850 1282 994 1354 colorem
1011 1283 1187 1380 expellit¹¹,
1208 1299 1243 1353 et
1261 1288 1367 1354 aciem
1386 1311 1439 1354 re·

377 1391 455 1462 ficit
479 1394 602 1460 Ferunt
623 1392 658 1459 in
675 1414 714 1458 ca
732 1389 838 1460 insula
858 1389 987 1460 tumulo
1009 1389 1114 1484 reguli
1137 1388 1323 1480 Hermiae¹²,
1346 1393 1441 1486 juxta

378 1499 724 1583 cetarias,marmoreo
734 1495 822 1566 leoni
833 1495 931 1565 fuisse
942 1496 1063 1566 inditos
1075 1494 1188 1566 oculos
1196 1522 1236 1565 ex
1246 1498 1440 1592 smaragdis,

265 1637 270 1645 κ
376 1605 424 1674 ita
445 1603 647 1673 radiantibus
661 1603 760 1671 etiam
775 1605 810 1671 in
827 1604 1007 1698 gurgitem,
1035 1617 1082 1695 ut,
1092 1603 1196 1672 territi
1206 1587 1230 1627 ¹³
1251 1603 1440 1698 refugerent

378 1709 495 1804 thynni
514 1709 604 1777 z‘diu
635 1709 831 1778 mirantibus
860 1710 1041 1778 novitatem
1070 1708 1304 1804 piscatoribus,
1335 1709 1440 1779 donec

378 1829 549 1884 mutavere
564 1813 668 1884 oculis
683 1839 839 1911 gemmas.

348 1957 360 1991 ι
431 1923 562 1990 XVIII.
586 1921 651 1990 Sed
674 1936 708 1990 et
731 1923 809 1990 vitia
827 1920 1046 1992 demonstrari
1067 1937 1199 2015 oportet
1217 1923 1251 1991 in
1269 1937 1339 1991 tarn
1358 1949 1438 2018 pro-

379 2026 455 2096 clivi
468 2041 589 2096 erratu.
603 2029 689 2095 Sunt
701 2027 834 2120 quidem
853 2031 999 2098 omnium
1014 2027 1137 2097 eadem.
1154 2027 1319 2118 Qutedam
1331 2043 1438 2098 tamen

379 2135 551 2201 nationum
567 2132 761 2227 peculiaria,
783 2135 867 2204 sicut
885 2137 918 2203 in
941 2135 1085 2204 homine.
1106 2137 1196 2229 Ergo
1216 2137 1332 2229 Cyprii
1353 2137 1438 2203 varie

379 2237 504 2332 glauci,
524 2240 691 2334 magisque
708 2263 747 2308 ac
762 2242 872 2310 minus
885 2243 919 2308 in
934 2239 1050 2308 eodem
1066 2239 1240 2335 smaragdo
1256 2239 1328 2309 aliis
1342 2243 1438 2336 parti·

379 2344 441 2413 bus
463 2359 611 2414 tenorem
641 2343 734 2413 illum
770 2346 932 2439 Scythica
961 2344 1179 2414 austeritatis¹
1212 2369 1282 2414 non
1313 2371 1440 2441 semper

324 2475 341 2547 j
379 2450 579 2519 custodiunt.
605 2449 656 2519 Ad
682 2450 747 2519 hoc
765 2450 962 2545 quibusdam
982 2452 1172 2520 intercurrit
1203 2451 1343 2537 umbra,
1372 2477 1438 2522 sur·

379 2555 505 2652 dusque
531 2555 570 2625 fit
591 2553 709 2641 colos²,
732 2559 790 2651 qui
813 2557 1036 2653 improbatur,
1059 2558 1157 2625 etium
1182 2555 1329 2626 dilutior.
1358 2559 1440 2627 Hinc

419 2747 446 2797 7.
469 2728 577 2779 Tertium
592 2727 669 2779 locum
682 2728 815 2799 AEgyprtt‚
837 2740 888 2783 etc.
976 2745 1018 2780 rr.
1031 2728 1222 2779 Truuslueeutcm
1230 2725 1332 2779 σὸὶοηηι
1338 2728 1439 2797 repellit.

378 2806 512 2871 Isidorus,
526 2807 579 2861 loc.
592 2806 638 2860 cit.
651 2807 741 2859 lituu,
932 2808 1017 2877 AEque
1027 2818 1106 2877 atque
1119 2825 1203 2871 mare,
1214 2806 1334 2859 colorem
1349 2806 1441 2859 emittit

420 2889 447 2941 8.
481 2886 610 2939 Thebaidis
632 2890 657 2939 ia
681 2885 789 2938 wttttm.
815 2886 888 2939 Inter
932 2886 1440 2957 translucentem,aciemquereficit.Sic

379 2966 485 3037 Copton
498 2978 525 3018 et
540 2966 774 3019 Berenicenmons
790 2977 827 3017 est
840 2964 885 3017 ille
931 2964 1010 3017 MSS.
1037 2982 1150 3017 omnes:
1179 2966 1238 3036 typi
1263 2964 1438 3038 interpolati:

379 3044 552 3117 smaragdus,
576 3045 602 3096 la
626 3048 687 3097 miae
711 3044 887 3109 d'e'ne'raudes,
936 3044 1111 3115 «pariterque
1133 3045 1279 3098 translucet
1307 3058 1335 3098 et
1361 3046 1439 3111 nitet,

378 3143 458 3197 quem
464 3126 494 3177 P.
503 3123 604 3177 Sicard·
615 3124 712 3177 invisit.
725 3125 808 3176 Baor.
931 3123 984 3175 hoc
994 3136 1045 3185 est,
1061 3124 1178 3177 colorem
1187 3122 1313 3195 expellit,
1325 3138 1353 3179 et
1362 3125 1440 3178 eciem

419 3221 445 3271 9.
461 3204 564 3275 Reliqua
576 3223 673 3274 genere.
689 3203 795 3257 Solinus
804 3215 831 3256 et
839 3202 890 3256 Isi·
932 3202 1034 3273 recipit.
1052 3228 1064 3249 ι
1081 3202 1171 3256 Htan.

354 3281 477 3351 ¹dorus,
492 3284 612 3336 lociscit.
626 3284 718 3336 Hanc.
975 3300 1019 3335 ra.
1049 3282 1164 3335 Hermia.
1190 3282 1231 3334 De
1251 3282 1299 3336 illu
1321 3281 1437 3337 suidas:

423 3382 465 3415 ro.
483 3364 584 3434 Quaque
593 3366 764 3433 perspiciatur,
782 3364 889 3413 imitante
931 3351 1024 3431 bpplac
1038 3364 1050 3413 ὁ
1064 3364 1188 3430 ιύνοῦχος,
1203 3372 1252 3414 etc
1272 3362 1365 3416 Eun.

382 3442 553 3495 translucidum
569 3462 642 3496 mare.
659 3438 776 3514 legend.
795 3465 806 3488 ι
822 3442 890 3493 Dos·
960 3442 1019 3494 .13.
1032 3441 1067 3493 Ut
1077 3444 1153 3493 territi
1164 3442 1307 3509 refitpereat.
1321 3442 1404 3495 Grou.
1415 3452 1440 3494 et

380 3542 433 3595 que
446 3540 540 3575 eorum
556 3535 596 3575 est
616 3522 644 3574 iu
660 3521 748 3575 colore
768 3518 887 3591 liquido,
932 3520 973 3573 Al.
984 3533 1045 3573 ante
1059 3519 1142 3574 blard.
1157 3532 1185 3572 ut
1197 3524 1276 3572 territt
1288 3522 1440 3574 temate

379 3620 429 3655 uec
440 3601 526 3653 diluto
534 3640 542 3664 ,
556 3620 649 3656 verum
663 3620 694 3654 ex
707 3598 819 3653 humido
830 3600 890 3671 pin-
933 3600 1078 3667 refugerent.
1093 3600 1144 3652 En.

379 3682 441 3753 gui,
466 3698 571 3751 quaque
583 3680 753 3752 perspicitur,
767 3678 888 3731 imitante
973 3679 1077 3731 XVIII.
1104 3698 1128 3732 r.
1145 3678 1264 3747 Scythica
1287 3682 1439 3732 austeritatis.

373 3755 568 3814 -trauslucidum
583 3761 672 3817 maris.
687 3784 698 3806 ι
716 3761 757 3811 Its
774 3756 889 3828 liquidos
933 3758 973 3809 De
992 3776 1044 3828 qua
1065 3756 1167 3811 dictum
1183 3772 1222 3811 est
1237 3778 1298 3831 sup.
1320 3778 1378 3830 cap.
1400 3760 1441 3812 sie

380 3834 889 3910 vultesseillossruarugdos,utidiluti
933 3836 1007 3889 MSS.
1022 3838 1222 3908 Reg.·a,Colb.
1242 3837 1269 3889 3.
1284 3838 1439 3891 taeenti
1547 3832 1548 3837 ¹

380 3938 436 3972 nou
448 3919 511 3984 sint,
524 3916 613 3973 sodex
625 3915 728 3990 liquido
740 3928 766 3969 et
774 3914 888 3968 humido
933 3934 1034 3969 omnes.
1045 3915 1119 3971 Editi
1133 3918 1216 3982 male,
1227 3921 1390 3971 auctoritatis.
1408 3918 1439 3970 ll.

291 4003 294 4009 ’
379 3998 502 4068 pingues.
514 3997 763 4051 sienis-amu
771 4013 803 4047 ex
811 3992 887 4049 Mss.
932 3996 1322 4061 -Moxttrotmateflbtme
1337 3997 1389 4049 Eo.

380 4090 441 4145 post
454 4076 608 4129 Salmasium
618 4095 727 4149 ,quaque
735 4076 889 4145 perspicitur,
973 4094 999 4129 a.
1017 4074 1154 4147 Sardoaque
1159 4075 1195 4146 fit
1204 4078 1277 4129 coloe
1297 4078 1437 4146 Hebe-que

379 4153 488 4207 meane
504 4155 674 4209 mucidum
687 4156 768 4209 sart.
785 4153 837 4207 Eu.
932 4152 972 4207 tn.
987 4152 1077 4209 ann.
1125 4204 1131 4215 ,
