3100 5125
467 544 625 614 LIBER
656 546 858 614 XXXVII.
1086 587 1090 598 .
1123 543 1196 616 603

132 678 223 771 pitur
249 668 460 770 sauguine²⁴3
496 700 604 770 neque
628 676 725 746 aliter
746 702 845 771 quam
873 678 998 747 recenti
1024 675 1196 772 calidoque

131 797 309 868 macerata,
325 795 360 850 et
379 783 426 852 sic
446 807 578 876 quoque
593 781 703 853 multis
724 784 864 853 ictibus:
881 798 961 853 tunc
979 783 1094 867 etiam,
1116 809 1196 878 prae-

132 903 281 982 terquam
299 889 453 973 eximias,
465 887 601 959 incudes
615 888 815 984 malleosque
829 889 992 984 frangens.
1011 890 1116 983 Cujus
1129 889 1195 960 hoe
1215 885 1233 938 ⁵

130 996 265 1089 iugenio
278 992 578 1090 iuventumlquove
585 1020 662 1065 casu
672 994 856 1090 repertum?
864 1011 923 1064 aut
935 1009 1008 1090 quae
1016 996 1079 1066 fuit
1089 998 1195 1091 conje·

132 1116 228 1171 etura
240 1100 428 1196 experiendi
442 1126 512 1170 rem
521 1103 672 1172 immensi
690 1104 819 1188 secreti,
828 1116 862 1170 et
878 1103 912 1169 in
923 1102 1101 1172 foedissimo
1124 1104 1194 1172 ani·

131 1206 290 1276 mulium?
309 1207 491 1276 Numinum
511 1208 662 1304 profecto
676 1209 822 1279 muueris
841 1206 913 1281 talis
927 1210 1073 1278 inventio
1089 1210 1196 1279 omnis

134 1326 194 1381 est.
219 1315 291 1383 Nec
318 1314 494 1408 quaerenda
519 1317 554 1382 in
576 1313 641 1384 ulla
660 1329 754 1410 parte
773 1329 899 1383 naturae
922 1315 1025 1398 ratio,
1054 1315 1111 1388 sed
1132 1340 1197 1384 vo-

132 1416 254 1488 luntas.
266 1423 311 1488 Et
327 1444 431 1513 quum
448 1420 585 1499 feliciter
601 1446 755 1516 rumpere
770 1421 921 1514 contigit,
934 1422 968 1488 in
989 1435 1056 1491 taut
1075 1445 1195 1515 parvas

130 1524 296 1620 frangitur
311 1541 455 1611 crustas,
470 1541 508 1596 ut
525 1529 615 1598 cerni
628 1529 684 1596 rix
698 1530 833 1622 possint.
848 1531 1059 1621 Expetuntur
1072 1551 1090 1594 a
1109 1527 1195 1597 scal-

129 1619 325 1724 ptoribus²⁵‚
344 1632 498 1728 ferroque
514 1632 737 1714 includuntur,
755 1632 880 1702 nullam
902 1657 970 1702 non
988 1633 1141 1703 duritiam
1156 1657 1197 1703 ex

130 1735 220 1808 facili
239 1753 404 1808 cavantes.
433 1739 574 1809 Adamas
594 1739 730 1810 dissidet
754 1765 830 1808 cum
856 1753 1007 1833 magnete
1034 1737 1141 1834 lapide
1162 1741 1232 1807 ino
1285 1819 1292 1843 ἱ

130 1829 303 1928 tantum²⁶,
325 1858 363 1913 ut
373 1845 469 1938 juxta
482 1847 610 1940 positus
626 1847 750 1915 ferrum
772 1871 844 1914 non
867 1847 1011 1939 patiatur
1031 1845 1177 1918 abstrahi
1188 1870 1208 1936 :¹

173 2050 219 2107 ²4·
243 2039 348 2096 Hircioo
372 2049 491 2114 rumpitur
515 2049 640 2114 sanguiue.
688 2068 699 2088 ι
713 2043 871 2098 Adamantis
886 2025 1039 2114 fragmentis
1056 2045 1199 2116 scalptores

129 2122 240 2176 Garoias
257 2123 290 2176 ab
308 2123 393 2176 Horto
409 2137 549 2195 expertum
567 2142 595 2177 sa
611 2124 641 2178 id
685 2143 737 2194 pro
750 2124 862 2194 gemmis
875 2122 1049 2194 insigniendis
1059 2125 1198 2194 perforan-

128 2203 237 2267 scribit,
261 2201 307 2254 sed
325 2222 392 2257 vana
408 2222 464 2274 spe.
485 2206 587 2257 Danae.
601 2237 641 2248 -
686 2203 779 2275 disque
792 2215 931 2256 utuntur.»
947 2203 1074 2257 Albertus
1085 2205 1198 2276 Magnus

128 2283 235 2334 Hireiao
256 2287 374 2353 recepitur
390 2289 515 2353 sanguine.
538 2285 642 2356 Negant
685 2283 719 2337 de
734 2285 831 2336 Miner.
847 2284 946 2345 libell,
954 2294 1031 2335 tract.
1046 2302 1071 2346 a,
1081 2301 1109 2354 p.
1124 2303 1196 2354 ²²7²

128 2361 184 2414 boc
205 2379 261 2416 asse
280 2381 372 2415 verum
392 2364 552 2416 recentiores
571 2365 641 2434 phy·
689 2363 764 2416 ιΗὶο
773 2376 863 2416 autem
873 2362 939 2433 lapis
949 2375 1070 2431 penetrat
1082 2363 1197 2430 sermm,

127 2441 194 2506 sici,
213 2441 265 2494 nisi
284 2442 374 2495 hircus
390 2457 468 2496 autea
482 2445 640 2514 petroselino
686 2456 711 2495 et
727 2455 835 2496 ceteras
854 2459 970 2514 gemmas
982 2459 1090 2506 omnes,
1101 2455 1198 2510 prester
1263 2473 1266 2484 ·

128 2539 161 2574 ac
168 2520 245 2574 silere
253 2534 378 2575 montano
386 2523 642 2595 pastussit2hisher·
685 2522 842 2593 chalybem,
862 2522 890 2574 in
907 2539 962 2592 quo
982 2521 1121 2575 retinetur.
1135 2547 1146 2569 ι
1160 2520 1195 2574 Η.

126 2602 171 2653 bis
179 2601 319 2672 frangendi
329 2604 383 2655 vim
395 2605 527 2658 hircinum
538 2604 641 2674 sangui·
685 2634 725 2645 -
735 2603 836 2657 Nullum
850 2622 897 2653 non
910 2602 1023 2653 duritiam
1034 2622 1064 2651 ee
1072 2602 1148 2670 suelli
1155 2621 1200 2653 ca·

127 2699 192 2734 nem
205 2681 335 2751 adipisci:
350 2681 417 2736 adeo
431 2697 461 2736 ut
475 2696 535 2737 ruta
551 2701 641 2736 mura·
686 2694 775 2734 vanus.
793 2683 834 2733 En
857 2681 994 2752 egregium
1014 2681 1078 2734 artis
1094 2682 1198 2750 experi-

127 2760 170 2813 ria
186 2762 242 2814 sola
263 2762 340 2814 hirco
359 2764 492 2828 enutrito,
512 2781 561 2834 per
584 2762 640 2815 dies
685 2774 887 2832 mentum,quo
900 2760 1045 2830 antiquitus
1058 2759 1199 2813 durissima

128 2838 314 2911 quadraginta,
322 2843 511 2915 prohibitoque
521 2844 556 2895 ab
567 2842 641 2894 omni
685 2860 798 2913 queque
821 2840 959 2893 adamante
988 2839 1069 2893 luisse
1096 2840 1199 2911 sculpta

127 2933 215 2990 potu,
228 2921 278 2985 nisi
293 2933 324 2973 ut
335 2923 384 2975 sub
395 2936 501 2975 noctem
519 2922 639 2992 pluviam
684 2922 854 2974 manifestum
873 2932 920 2973 est.
938 2919 972 2971 Et
985 2919 1197 2990 antiquissimum

128 2997 296 3053 decidentem
303 3002 440 3067 lamberet,
447 3002 579 3055 interlecti
585 3020 643 3053 san·
686 3020 742 3053 esse
757 3000 832 3052 illum
847 3018 924 3052 usum
935 3017 991 3051 uon
1003 2997 1084 3051 modo
1095 3010 1199 3051 constat

126 3080 239 3151 guinem
249 3080 520 3143 leuiterexsiccatum,
533 3081 642 3135 commi·
684 3080 765 3134 Plinii
785 3081 954 3141 auctoritate,
970 3076 1016 3131 sed
1035 3090 1062 3130 et
1074 3078 1197 3145 ieremias

126 3158 230 3212 nuendi
248 3161 342 3214 calculi
360 3179 437 3214 causa
455 3163 531 3233 egris
549 3161 641 3233 propi·
685 3161 772 3213 multo
794 3158 960 3229 antiquioris.
980 3159 1078 3210 Jerem.
1099 3158 1196 3223 XVII,
1226 3164 1229 3172 '

127 3252 221 3292 natum
236 3256 306 3305 ease,
322 3241 473 3294 felicissimo
486 3255 592 3294 eventu.
605 3241 639 3293 Η.
689 3257 714 3293 1.
731 3245 823 3293 Artem
835 3238 900 3291 olim
909 3238 1072 3291 notissimam
1088 3256 1198 3291 renova·

129 3320 274 3371 -Hircino
284 3325 529 3390 rumpitursamiue.
541 3319 641 3374 Fabula
684 3320 725 3371 vit
741 3320 811 3373 circa
829 3336 929 3371 annum
951 3315 1023 3386 1475
1043 3316 1197 3371 Ludovicus

127 3416 217 3463 mera,
228 3399 273 3451 eui
284 3418 319 3451 ne
325 3401 405 3454 ullam
415 3399 542 3471 adjiceret
548 3398 640 3465 iidem,
686 3398 866 3469 Berquemius.
880 3399 964 3449 Baou.

128 3480 204 3531 bono
217 3478 491 3533 Haeduinosatisemt
504 3481 640 3531 Daleearn·
728 3482 774 3531 26.
793 3476 902 3528 Dissidet
919 3495 972 3527 cum
991 3488 1099 3545 magnete
1119 3476 1198 3546 lapide

127 3558 168 3627 pii
178 3571 271 3611 notam
288 3560 439 3629 inspexisse.
459 3558 533 3611 Hane
553 3558 641 3612 divulo
686 3561 712 3609 in
731 3569 840 3621 tarisum,
861 3568 901 3614 ut,
923 3567 973 3609 etc.
990 3556 1150 3611 Fabulosutu
1169 3554 1197 3606 id

129 3652 217 3711 getam
226 3639 436 3695 creditfabulam
445 3638 598 3701 Broterius‚
612 3650 642 3690 ut
687 3656 796 3708 qnoque
810 3636 916 3690 Garoias
927 3636 960 3687 ab
974 3636 1074 3700 Horto,
1087 3653 1143 3688 nou
1160 3652 1198 3686 se·

128 3718 277 3773 adamantis
290 3716 524 3790 frangendi-artem
540 3736 641 3770 merca-
686 3718 739 3770 mel
753 3729 890 3787 expertus,
900 3714 988 3769 tradit.
999 3716 1069 3767 Dar..
1079 3746 1118 3757 -
1128 3713 1199 3765 Ada-

129 3810 202 3852 tores
212 3800 355 3870 opificesvo
365 3800 537 3852 occultarent.
549 3798 601 3851 En.
686 3817 746 3850 mos.
760 3798 800 3849 Ita
816 3796 941 3858 Solinus,
954 3793 1087 3857 Isidorus,
1096 3794 1197 3845 'eilber-

170 3886 215 3933 25.
227 3881 382 3949 Expetuntur
394 3876 641 3949 ascriptoribusso·
686 3890 743 3941 tus,
765 3876 830 3930 loeis
851 3875 945 3929 citatis.
968 3872 1144 3936 Marbodeus,
1163 3872 1198 3925 de

128 3958 214 4021 linus,
229 3960 280 4011 loc.
293 3960 338 4012 cit.
350 3959 520 4029 «Fragmenta
529 3959 643 4027 scalpto-
686 3954 781 4026 Lapid.
804 3968 871 4025 pret.
893 3973 950 4025 cap.
977 3968 1011 4005 1¹:
1038 3952 1196 4006 ·Omnibus
1286 3945 1289 3955 ’

129 4040 204 4091 ribus
226 4039 255 4090 in
269 4040 346 4090 osuiu
359 4036 535 4108 insignienda
551 4040 640 4108 cujus·
686 4054 760 4106 uque
773 4047 860 4088 tamen
880 4034 920 4086 vis
938 4046 977 4085 est
992 4030 1124 4085 adducere
1143 4033 1195 4085 ler-
1227 4066 1230 4075 ι

129 4117 326 4187 cumquemodi
334 4136 443 4190 gemmae
451 4129 638 4189 expetuntur.»
687 4134 764 4169 ruant
775 4114 856 4180 Quod
867 4114 928 4167 facit
938 4125 964 4166 et
975 4130 1082 4183 magnes
1089 4114 1195 4166 absente

127 4197 351 4269 Isidorus,Orig.
365 4198 414 4251 lib.
427 4199 507 4262 XVI,
520 4216 578 4268 cap.
601 4200 638 4251 8:
684 4208 782 4267 potens
806 4194 946 4251 adamante
963 4214 969 4242 ε
989 4192 1057 4247 Nam
1078 4210 1193 4264 pratens
