3100 5125
429 550 583 622 LIBER
607 555 811 624 XXXVII.
1081 548 1146 622 651

142 687 218 755 LII.
239 681 430 754 Proximum
442 682 617 754 cerauniae¹
635 709 758 772 nomen
771 682 861 778 apud
872 707 930 754 eos
944 679 1064 770 habel,
1080 701 1153 776 quae
1174 717 1185 751 t

85 790 275 887 appellatur
289 787 376 859 iris¹.
390 789 558 860 Elloditur
576 791 611 858 in
630 791 773 885 quadam
795 789 900 860 insula
918 790 1024 860 Rubri
1044 791 1154 874 utaris,

84 923 164 992 quae
181 896 311 967 distata
332 898 491 965 Berenice
514 897 596 965 urbe
613 897 783 990 sexaginta
805 895 906 966 millia
927 921 1012 991 pass.
1036 911 1155 966 catera
1215 989 1221 998 Ι

86 1006 143 1072 sui
161 1018 255 1097 parte
273 1001 454 1097 crystallus.
469 1006 584 1096 Itaque
603 1003 736 1097 quidam
761 1003 904 1072 radicem
922 1001 1065 1097 crystalli
1085 1025 1155 1072 esse

85 1109 254 1178 dixerunt.
283 1111 433 1178 Vocatur
453 1133 494 1178 ex
516 1095 733 1206 argumento³
760 1110 826 1177 iris.
858 1112 943 1178 Nam
976 1108 1037 1178 sub
1066 1123 1155 1178 tecto

85 1238 247 1308 percussa
257 1214 342 1296 sole,
355 1217 479 1308 species
495 1230 530 1284 et
543 1214 671 1285 colores
683 1240 779 1284 arcus
791 1212 927 1285 caelestis
941 1216 975 1285 in
988 1217 1156 1308 proximos

86 1323 231 1416 parietes
252 1319 444 1413 ejaculatur,
466 1321 606 1390 subinde
623 1337 772 1404 mutans,
793 1343 978 1415 magnaque
999 1323 1157 1390 varietate

88 1426 343 1496 admirationem
354 1427 403 1495 sui
419 1450 551 1522 augens.
569 1426 787 1521 sexangulam
802 1451 883 1510 esse,
896 1441 933 1494 ut
949 1425 1157 1520 crystallum,

87 1530 240 1601 constat.
251 1532 314 1604 Sed
336 1557 406 1628 esse
420 1531 545 1627 aliquas
559 1533 682 1602 scabris
696 1534 870 1618 lateribus,
890 1547 922 1602 et
938 1531 1065 1628 angulis
1079 1535 1155 1601 inm·
1176 1540 1189 1572 ²

87 1637 243 1732 qualibus
254 1638 387 1722 dicunt,
403 1639 437 1706 in
455 1638 522 1707 sole
541 1655 657 1733 aperto
675 1640 858 1733 projectas,
878 1639 988 1708 radios
1004 1641 1090 1708 inse
1106 1663 1159 1706 ca·

89 1745 210 1814 dentes
237 1744 426 1814 discutere:
448 1744 573 1838 aliquas
595 1771 678 1814 vero
704 1759 781 1814 ante
811 1771 846 1814 se
872 1746 1021 1839 projecto
1050 1745 1157 1812 nitore

87 1851 273 1944 adjacentia
293 1849 467 1918 illustrare.
487 1849 626 1921 Colores
641 1877 722 1919 vero
738 1877 805 1918 non
820 1852 881 1919 nisi
901 1876 941 1918 ex
958 1875 1064 1945 opaco
1085 1849 1157 1919 red·

90 1956 200 2038 dunt,
217 1981 279 2025 nec
299 1969 337 2024 ut
355 1958 434 2051 ipsae
454 1957 615 2043 habeant,
635 1957 693 2027 sed
715 1971 754 2025 ut
778 1983 972 2052 repercussu
995 1957 1158 2052 parietum

88 2061 239 2131 elidant:
257 2064 464 2157 optimaque,
479 2088 553 2156 quae
569 2066 729 2133 maximos
745 2063 950 2149 assuefacit,
969 2061 1161 2132 simillimos·

5 2264 7 2271 ἲ
91 2193 160 2263 que
176 2167 370 2238 caelestibus.
387 2171 447 2238 Est
460 2183 494 2236 et
508 2168 569 2237 alia
583 2171 657 2272 iris3
668 2184 788 2238 caetero
800 2169 928 2252 similis,
942 2185 976 2238 at
991 2167 1157 2264 praedura:

91 2299 194 2368 quam
209 2277 322 2344 Horus
330 2290 508 2344 crematam
525 2290 698 2371 tusamque
706 2275 749 2344 ad
763 2277 1020 2344 ichneumonum
1032 2299 1161 2346 morsus

92 2380 242 2450 remedio
257 2405 346 2460 esse,
365 2382 456 2450 nasci
473 2395 584 2451 autem
601 2383 636 2452 in
653 2381 785 2451 Perside
806 2381 915 2450 tradit.

148 2488 237 2555 LlIl.
257 2485 376 2555 Similis
399 2502 449 2556 est
467 2499 603 2583 aspectu
614 2541 629 2569 ,,
648 2488 705 2556 sed
732 2513 800 2555 non
827 2485 973 2581 ejusdem
996 2483 1157 2570 effectus,
1181 2491 1190 2524 ¹

91 2619 168 2687 quae
182 2608 321 2663 vocatur
338 2619 432 2664 zeros
443 2592 465 2679 ¹,
479 2594 554 2663 alba
566 2596 727 2690 nigraque
742 2592 919 2663 maculam
937 2608 1163 2663 transversum

92 2700 317 2796 distinguente
337 2700 539 2795 crystallum.

92 2943 166 2977 auno
188 2926 274 2995 1667.
294 2922 451 2978 cerauniam
476 2942 557 2977 unam
577 2922 606 2976 iu
651 2914 768 2991 renem),
781 2942 826 2976 seu
842 2924 893 2976 irin
907 2924 1048 2989 Veterum,
1066 2928 1119 2977 iris.
1131 2925 1166 2977 Et

92 3017 291 3057 museouostro
305 3004 445 3057 Parisiensi
461 3022 606 3056 servamus.
651 3003 745 3059 eodem
775 3015 864 3057 tumen
894 3005 1002 3057 nomine
1026 3002 1167 3076 designaut

92 3083 130 3137 Η.
138 3114 179 3125 -—
190 3084 269 3151 Ortum
278 3086 304 3135 in
313 3084 366 3135 loco
370 3084 475 3152 fulmine
487 3088 543 3138 icto.
553 3082 606 3136 La·
651 3084 788 3157 crystallus
801 3082 926 3154 quasdam
939 3076 1026 3155 (quara
1042 3083 1163 3154 limpide),

93 3161 172 3233 pides
196 3163 234 3216 illi
254 3162 301 3233 qui
323 3161 356 3215 de
378 3164 443 3217 caelo
462 3162 607 3227 decidunt,
652 3177 718 3234 tcste
732 3164 774 3217 Cl.
787 3163 879 3225 Haut,
893 3182 952 3233 qua
966 3177 1037 3217 certa
1054 3165 1164 3217 inclinu-

92 3256 142 3295 aut
159 3240 282 3295 decidere
299 3241 455 3309 creduntur,
473 3243 551 3295 nobis
569 3243 608 3295 vi·
652 3244 725 3297 tione
738 3242 772 3295 ad
784 3242 883 3306 solem,
896 3242 991 3295 sideris
1004 3234 1164 3315 imaginem,

93 3321 196 3375 dentur
214 3340 270 3375 esse
288 3342 356 3394 quos
377 3325 458 3393 vulgo
477 3320 606 3384 dicimus,
652 3321 762 3393 siugulis
770 3320 923 3375 distinctam
933 3323 1077 3388 coloribus,
1086 3323 1167 3377 radiis

90 3407 184 3472 piem
201 3406 364 3475 mercarique,
380 3403 526 3455 matuta:
540 3421 608 3472 quo·
652 3401 787 3463 refractis,
813 3402 842 3455 in
867 3402 967 3472 pariete
988 3404 1077 3459 ricino
1105 3405 1166 3475 pin·

93 3501 157 3534 rum
182 3479 216 3534 de
240 3482 343 3553 origine
362 3482 505 3552 peritiores
522 3479 609 3535 adhuc
652 3494 726 3553 gunt.
736 3482 790 3533 Er).

95 3561 147 3613 viri
159 3580 213 3613 non
228 3561 404 3614 consentiunt.
417 3562 469 3613 En.
693 3560 719 3613 3.
734 3561 843 3613 Vocatur·
854 3574 1041 3629 erurgrtmentu.
1051 3562 1110 3614 Hoc
1119 3574 1167 3627 est,

136 3640 196 3694 LII.
211 3641 609 3704 1.Pmtmumnatoe.Qu0·
652 3658 683 3693 ex
697 3658 727 3693 re
740 3641 806 3711 ipsa.
817 3640 879 3693 Hac
895 3634 1004 3695 totidem
1020 3641 1108 3712 yerbis
1118 3641 1167 3693 So·

93 3720 167 3773 niam
178 3732 209 3772 ut
221 3739 237 3772 a
250 3720 363 3772 fulmine
374 3720 510 3784 ceraunia,
525 3720 561 3772 sic
576 3719 612 3773 ali
653 3719 733 3782 linus,
743 3738 802 3791 cup.
815 3738 921 3785 xxxin,
934 3740 961 3792 p.
974 3721 1010 3773 63
1024 3733 1050 3773 et
1062 3720 1169 3782 6431si·

94 3799 263 3853 srcucaelesti
274 3799 427 3852 irisnomen
434 3798 529 3852 habet:
541 3812 609 3852 utra·
654 3798 750 3865 dorus,
770 3800 914 3864 tinxvl,
934 3820 958 3855 c.
976 3800 1019 3853 13.
1042 3798 1167 3853 Morbod.

94 3897 150 3949 qne
166 3898 199 3932 ex
213 3877 386 3933 similitudine
400 3879 440 3931 rei
455 3878 565 3948 alicujus
580 3878 609 3932 in
653 3897 711 3950 cap.
720 3897 831 3933 xnsrrr:
852 3906 863 3928 ι
877 3882 957 3935 Clara
970 3881 1031 3932 luce
1047 3879 1169 3944 micans,

95 3976 157 4011 aere
170 3958 274 4029 genita
288 3960 379 4012 liano.
653 3959 818 4012 fertcausam
828 3959 1167 4029 nominisbuy'nnetcmll.

139 4058 166 4091 a.
182 4039 246 4108 Quoe
259 4038 396 4109 appellatur
406 4041 457 4091 iris.
466 4038 609 4092 Nonnullis
692 4039 766 4091 LIII.
787 4058 810 4091 ι.
832 4041 895 4109 Qum
917 4050 1020 4091 amatur
1039 4057 1113 4090 uros.
1136 4039 1168 4091 ln

95 4114 612 4188 idemessevidetursclupis,quemnunc
656 4117 734 4170 MSS.
753 4117 806 4169 boc
819 4118 895 4186 loco,
917 4136 990 4171 erius.
1009 4120 1040 4171 Iu
1059 4116 1169 4181 Indice,

95 4210 207 4261 vocant,
225 4218 301 4271 quun
314 4198 398 4269 Ityuls'n
415 4190 611 4259 incalesceret·
655 4197 728 4267 Iepor.
743 4196 832 4251 flatu).
