3100 5125
470 540 622 608 Linus
649 540 811 608 xxxv.
1110 541 1178 635 293

116 676 268 768 picturae,
283 697 386 765 quum
403 669 444 738 ad
462 669 647 765 tegularum
664 670 912 740 similitudinem
934 673 1038 758 corvi·
1050 672 1177 764 decepti

115 781 256 874 imagine
272 776 475 846 advolarent„

164 887 264 954 vltl.
284 882 421 952 Tabulis
438 896 547 950 autern
565 884 709 951 externis
727 883 957 952 auctoritatem
979 885 1097 960 Ilumae
1115 909 1174 979 pu·
1198 919 1208 952 t

116 989 200 1060 blica
213 989 294 1059 lecit
310 990 438 1083 primus
453 989 601 1058 omnium
624 990 747 1058 Lucius
761 991 965 1074 Mummius,
982 991 1036 1059 cui
1052 1013 1175 1084 coguo-

113 1121 188 1166 meu
217 1096 356 1165 Achaici
377 1095 518 1164 victoria
543 1093 635 1196 dedit
656 1120 664 1163 ε
688 1118 833 1190 namque
865 1119 968 1188 quum
998 1097 1033 1163 in
1065 1097 1177 1190 praeda

114 1201 308 1286 vendenda,
321 1225 379 1270 rex
396 1199 525 1270 Attalus
538 1223 575 1267 vr
593 1202 780 1272 sestertium
798 1203 928 1272 emisset
940 1199 1086 1270 tabulam
1102 1203 1174 1270 Ari·

113 1306 233 1393 sudar',
252 1307 413 1376 Liberum
426 1321 573 1401 patrem,
593 1308 734 1401 pretium
754 1309 911 1393 miratus,
928 1309 1176 1402 suspicatusque

112 1413 235 1508 aliquid
254 1415 287 1482 in
302 1437 341 1482 ea
354 1415 501 1499 virtutis,
517 1412 608 1510 quod
623 1416 694 1508 ipso
712 1415 853 1482 nesciret
863 1411 886 1499 ²,
903 1406 1073 1482 revocavit
1085 1413 1178 1492 tabu-

149 1570 229 1621 vtll.
255 1587 282 1621 t.
298 1568 350 1620 lies
370 1568 472 1621 Attalus
489 1567 532 1619 Vl
546 1567 623 1618 millia
668 1575 704 1639 τῷ
718 1572 890 1632 continentem,
911 1567 985 1639 quod
996 1583 1023 1622 et
1035 1569 1080 1621 alii
1092 1570 1176 1622 nostri

112 1652 243 1700 sestertium
265 1650 359 1699 emittet
380 1647 499 1700 Aristidis
518 1647 623 1704 tabulam
665 1657 719 1700 tres
735 1661 909 1718 aspernantur
927 1660 953 1701 et
968 1649 1037 1701 liber
1050 1647 1175 1702 Pintiani.

113 1729 222 1780 tieem
240 1739 336 1797 pamm
355 1730 510 1778 nominantem
529 1745 540 1778 .-
561 1716 621 1793 (sic
666 1725 771 1780 Dicitur
781 1727 852 1800 euim
865 1746 913 1798 per
924 1728 1174 1799 epexegesimquam

111 1798 622 1878 prins).Voss.1inpretlaveudeuda
663 1798 746 1876 vulgo
773 1811 943 1878 appositionem
967 1819 1063 1860 vocant
1079 1826 1088 1864 s
1107 1808 1176 1860 «Li-

112 1905 156 1939 res
178 1886 268 1939 Atalia
291 1903 353 1949 xvi,
380 1885 485 1938 emisset
505 1885 622 1937 tabulam
665 1883 713 1936 ber
731 1885 817 1949 Pater,
838 1887 924 1939 tshula
946 1885 1109 1940 Aristiden
1132 1889 1176 1941 Sic

112 1963 241 2019 Aristides
259 1965 388 2018 Liberum
409 1976 513 2035 patrem
535 1965 622 2034 pretio
663 1961 711 2015 lib.
724 1965 838 2022 XXXV,
855 1983 905 2018 rr:
920 1965 1044 2018 «Eodem
1054 1978 1179 2037 tempore

111 2047 228 2098 miratos.
249 2069 262 2091 ·
278 2045 367 2097 Dictat
388 2056 476 2108 certe,
498 2045 622 2095 denarium
664 2042 714 2095 fuit
729 2055 756 2096 et
770 2043 881 2116 Cydias,
901 2047 978 2115 cujus
992 2045 1109 2098 tabulam
1123 2044 1175 2098 Ar·

111 2122 621 2188 mutuemtteademdmtibtu,
663 2135 790 2192 gouautss
816 2121 880 2178 H·S.
909 2139 991 2177 cxxxv
1018 2125 1178 2178 Hortensius

113 2204 147 2259 38
164 2225 172 2257 2
191 2231 204 2251 ·
219 2201 345 2256 Aristidis
368 2203 490 2256 Thebani
511 2203 622 2274 pictoris
664 2214 755 2255 oratur
767 2215 897 2256 mercatus
911 2215 958 2257 est.
977 2229 989 2250 ι
1009 2205 1094 2256 Pretio
1110 2221 1176 2276 quo-

110 2303 190 2337 nnom
204 2283 324 2336 tabulam
338 2293 445 2335 centurn
461 2283 564 2334 talentis
574 2301 620 2334 rex
664 2299 718 2352 que
731 2282 819 2336 forsan
833 2282 1017 2344 retinendum,
1039 2296 1069 2335 ut
1082 2283 1172 2353 legas:

113 2365 215 2417 Attalus
224 2364 341 2415 licitatus
354 2375 401 2414 est.
415 2381 427 2404 ¹
437 2363 491 2414 Ubi
500 2362 522 2412 si
532 2363 620 2416 valere
664 2381 676 2404 ι
686 2361 809 2432 Namque
816 2379 899 2433 quum
905 2361 933 2414 in
941 2361 1028 2432 praedo
1035 2361 1174 2415 vendendo

110 2445 189 2496 altera
203 2461 308 2496 summa
325 2439 420 2505 debet,
437 2440 617 2498 scribendum,
663 2457 711 2492 rex
725 2442 828 2494 sualua
847 2439 984 2493 denua-ium
1002 2459 1046 2493 sex
1060 2440 1173 2493 millium

113 2542 212 2577 nouam
241 2522 359 2576 tabulam
382 2522 481 2575 talento
504 2521 620 2575 licitatus
663 2514 675 2581 (
687 2519 742 2572 sive
767 2521 843 2574 malis
865 2533 1026 2573 incentorum
1053 2519 1174 2585 millium)

110 2618 156 2657 est.
169 2628 181 2650 ·
199 2602 321 2669 Quodsi
341 2604 429 2655 verius
445 2601 561 2673 pretium
580 2614 619 2655 est
663 2600 768 2652 emisset
783 2601 897 2654 tabulam
910 2599 1032 2654 Aristide
1048 2601 1173 2653 Liberum

109 2697 216 2736 centum
230 2682 329 2735 talenta
342 2676 415 2743 (uam
428 2693 455 2734 et
469 2680 521 2733 hoc
533 2682 620 2753 capite
663 2679 769 2732 Patrem
780 2682 883 2750 pretio,
895 2683 1005 2734 miratus
1016 2680 1174 2750 suspicatos-

110 2763 175 2816 ioira
183 2758 537 2832 ubideoperibusejusdem
548 2762 620 2814 The·
663 2776 716 2829 que
733 2758 838 2830 aliquid
859 2762 888 2814 in
905 2780 936 2815 ea
957 2759 1076 2824 virtutis,
1100 2760 1175 2830 quod

110 2843 169 2895 bani
181 2844 253 2915 agit,
271 2868 284 2889 ι
298 2860 350 2913 qus
362 2841 391 2894 iu
402 2853 459 2893 arte
469 2841 552 2893 valuit
566 2842 619 2905 ita,
663 2837 721 2916 ipse
741 2840 869 2906 nesciret,
891 2854 941 2895 etc.
961 2864 972 2887 ι
992 2839 1118 2893 Gronov.
1134 2870 1174 2880 ——

110 2935 137 2975 ot
154 2923 261 2975 Attalus
271 2941 320 2975 rex
337 2939 418 2973 unam
431 2920 548 2973 tabulam
563 2923 620 2992 ejus
667 2923 707 2969 71
716 2922 857 2973 sestertitsn.
870 2920 929 2974 Hoc
943 2932 997 2984 est,
1014 2920 1096 2973 sexies
1111 2936 1175 2972 oen-

111 3012 216 3054 seotum
231 3001 337 3054 talentis
352 2998 446 3053 emisse
458 2992 619 3067 tradatura),
663 2999 731 3073 teuis
753 3000 902 3052 sestertium
928 2996 1057 3051 millibus.
1076 2998 1111 3051 fl.
1137 3030 1175 3042 -

111 3081 161 3144 hie,
172 3079 334 3134 «denarium
345 3080 615 3133 sexcentismillibus·
668 3070 707 3128 Vl
718 3083 859 3132 sestertium.
877 3079 950 3132 Brot.
970 3097 1002 3131 ex
1019 3078 1097 3131 Voss.
1114 3090 1176 3147 poss

110 3158 439 3231 reponendum,utsecum
448 3160 621 3213 Pliniusccn-
663 3158 878 3223 Gronovium,et
887 3158 966 3212 Plinii
974 3158 1025 3211 loc.
1033 3176 1092 3235 sun,
1101 3156 1172 3209 laud.

110 3239 209 3293 sordet.
227 3240 337 3293 Etenim
350 3240 479 3292 talentum
493 3240 550 3292 sine
568 3239 620 3293 alis
663 3238 766 3291 Attalus
780 3238 945 3301 distrinxisset,
964 3248 990 3289 at
1003 3236 1041 3289 Χ.
1057 3240 1095 3285 ΙἸ
1106 3238 1174 3287 ensis-

109 3318 301 3388 temptione,
314 3320 477 3371 attalentum
489 3320 618 3384 Atticum,
663 3330 711 3382 set,
731 3318 785 3371 hoc
805 3331 860 3384 est,
881 3316 1021 3369 denarium
1045 3315 1173 3369 sexcentis

109 3399 245 3452 mamillis
253 3398 392 3451 denudum
402 3399 445 3450 vel
454 3395 620 3466 draclmm,
662 3398 794 3459 millibm,
807 3415 853 3450 seu
866 3397 964 3467 gallice
976 3406 1090 3449 monete
1103 3395 1170 3448 libb.

109 3480 247 3544 Varrone,
267 3477 371 3543 Plinio,
388 3477 486 3530 Verrio
506 3478 617 3541 Flacco,
665 3477 800 3547 sss,s75.
814 3478 867 3530 Eo.

110 3558 200 3611 Servio
227 3557 358 3620 testibus,
386 3557 479 3628 viginti
506 3570 619 3630 quatuor
705 3576 730 3609 a.
753 3556 829 3626 Quod
843 3559 893 3626 ipse
909 3558 1017 3607 maritet.
1036 3555 1069 3606 L.
1083 3553 1173 3606 Mum·

109 3637 226 3691 sestertis
246 3636 345 3690 &neca
361 3648 387 3688 st
402 3636 540 3690 Prisciano
555 3634 619 3690 :de
662 3636 744 3700 mius,
753 3637 802 3707 qui
811 3635 971 3690 Corinthum
983 3632 1083 3697 diruit,
1095 3659 1108 3680 ι
1118 3644 1173 3687 trm

110 3735 165 3770 cem
181 3719 297 3776 talenta,
312 3713 451 3770 denarium
469 3717 511 3769 vel
524 3714 621 3770 drach-
663 3714 738 3769 rudis
749 3716 814 3780 luit,
825 3716 912 3786 inquit
923 3714 1057 3776 Velleius,
1069 3714 1093 3776 1,
1104 3732 1131 3783 p.
1145 3711 1173 3777 5,

111 3816 183 3850 mum
196 3796 330 3867 sexaginta
340 3796 437 3859 millis,
447 3796 562 3849 sestertia
571 3794 620 3849 du·
662 3807 694 3849 ut
701 3807 779 3866 capta
793 3794 938 3858 Corintho,
948 3810 1031 3862 quum
1042 3792 1172 3845 maximo·

110 3888 182 3929 centa
192 3874 621 3947 quadmgiatatoeoturntalents,
663 3894 723 3928 rom
745 3875 876 3927 artificum
898 3873 1028 3943 perfectas
1051 3870 1172 3922 manibus

109 3954 247 4008 denarium
280 3953 472 4008 drachmumve
497 3968 620 4008 sexcenta
663 3954 765 4007 tabulas
784 3972 815 4007 ac
833 3966 928 4007 statuas
945 3952 973 4005 iu
993 3950 1094 4003 Italiam
1109 3967 1174 4020 por·

111 4035 204 4099 milia,
221 4034 370 4089 sestertium
386 4048 479 4106 quater
491 4046 519 4087 et
531 4034 620 4088 vicies.
663 4033 756 4087 trudas
766 4034 874 4098 locaret,
884 4032 988 4103 juberet
996 4027 1105 4102 praedici
1115 4046 1175 4081 con·

113 4114 178 4167 Vult
186 4128 316 4187 preterea
324 4115 394 4168 liber
402 4114 536 4184 optimus:
555 4114 622 4166 taiu-
664 4112 832 4177 dicentibus,
860 4113 881 4165 si
910 4129 954 4164 eas
983 4106 1177 4181 perdidissent,

114 4192 158 4246 los
176 4194 297 4248 Arntidoe
312 4194 423 4246 ιῶενκηι
440 4194 552 4258 Patren,
565 4194 623 4247 siue
664 4211 747 4247 novas
760 4211 806 4246 eos
817 4189 978 4247 reddituros.
994 4215 1006 4236 ι
1023 4188 1114 4241 Hsuu.

1020 4282 1079 4382 19³
