3100 5125
359 533 429 620 340
628 535 665 602 C.
691 533 857 604 PLlNll
881 533 992 604 ΝΑΤ,
1018 533 1144 602 HIST.

357 666 629 754 litatem‚dixisse
641 663 791 760 Apellem
801 667 930 737 venisse
940 691 948 734 :
960 688 1027 736 non
1037 668 1123 736 enim
1133 665 1251 736 codem
1265 667 1299 736 in
1316 659 1419 736 alium

359 789 428 845 tam
455 770 643 841 absolutum
670 796 778 866 opus:
800 763 974 868 ipsumque
1003 771 1068 841 alio
1098 769 1209 841 colore
1233 773 1417 842 tenuiorem

359 879 478 950 lineam
499 879 534 946 in
549 875 607 945 illa
624 877 697 972 ipsa
713 876 866 947 duxisse:
894 879 1151 973 praecepisseque
1175 877 1368 962 abeuntem,
1390 880 1417 947 si

359 985 498 1056 redisset
523 981 593 1069 ille,
621 982 827 1069 ostenderet,
860 985 1080 1078 adjiceretque
1107 983 1197 1052 hunc
1220 1007 1291 1052 esse
1315 1005 1415 1078 quem

359 1103 661 1184 quercuumque
678 1091 724 1157 ita
741 1092 862 1158 evenit.
883 1091 1074 1158 Revertitur
1089 1091 1175 1158 enim
1191 1087 1340 1184 Apelles,
1360 1088 1416 1158 sed

359 1196 447 1264 vinci
464 1193 682 1276 erubescens,
703 1196 803 1263 tertio
824 1193 936 1264 colore
956 1193 1057 1264 lineas
1075 1197 1194 1281 secuit,
1211 1193 1338 1263 nullum
1361 1219 1416 1264 re·

359 1285 510 1396 linquens
525 1299 667 1396 'amplius
684 1299 856 1370 subtilitati
878 1298 998 1371 locum.
1015 1306 1057 1371 At
1074 1304 1276 1395 Protogenes
1292 1302 1417 1370 vietum

359 1431 395 1476 se
423 1405 607 1492 confessus,
628 1406 662 1473 in
683 1419 818 1501 portum
842 1406 1028 1493 devolavit,
1055 1407 1220 1502 hospitem
1242 1431 1416 1501 quaerens:

359 1510 548 1608 placuitque
556 1513 603 1580 sio
613 1534 686 1580 eam
696 1511 842 1582 tabulam
852 1515 991 1608 posteris
1001 1512 1099 1597 tradi,
1107 1513 1255 1582 omnium
1266 1511 1418 1607 quidem,

306 1657 339 1693 n
359 1617 415 1688 ted
426 1617 590 1686 artificum
604 1618 771 1711 precipuo
785 1617 955 1688 miraculo.
969 1621 1207 1713 Consumptam
1220 1641 1292 1686 eam
1308 1619 1418 1711 priore

358 1708 541 1794 incendio⁹⁵
563 1723 682 1792 domus
708 1725 848 1792 caesaris
871 1726 906 1794 in
928 1723 1052 1794 Palatio
1073 1724 1173 1793 audio
1196 1749 1204 1791 :
1236 1737 1417 1819 spectatam

358 1828 437 1900 olim
463 1842 557 1897 tanto
583 1829 689 1922 spatio
712 1827 795 1897 nihil
822 1828 909 1898 aliud
931 1832 1173 1918 continentem,
1194 1853 1293 1924 quam
1317 1828 1418 1898 lineas

358 1937 464 2005 visum
483 1933 699 2029 effugientes,
715 1935 801 2004 inter
822 1937 952 2032 egregia
973 1935 1152 2005 multorum
1175 1961 1274 2031 opera
1297 1921 1419 2004 inani⁹⁶

358 2039 496 2109 similem
507 2053 559 2126 ,et
570 2063 610 2108 eo
621 2040 693 2134 ipso
708 2038 920 2128 allicientem,
934 2041 1090 2136 omnique
1101 2067 1201 2135 opere
1213 2039 1417 2111 nobiliorem.

307 2179 339 2215 ιι
410 2143 517 2241 Apelli
535 2144 597 2214 fuit
614 2143 734 2238 alioqui
747 2161 907 2241 perpetua
918 2147 1335 2242 consuetudo‚numquam
1349 2161 1418 2218 tam
1505 2211 1510 2218 .

351 2266 554 2346 occupatam
569 2250 655 2319 diem
670 2251 806 2345 agendi,
820 2267 938 2322 utnon
953 2253 1071 2322 lineam
1086 2252 1238 2324 ducendo
1251 2267 1420 2323 exerceret

357 2372 486 2427 artem:
508 2356 597 2450 quod
615 2355 658 2434 ab
677 2381 717 2425 eo
741 2358 775 2425 in
794 2359 1007 2454 proverbium
1026 2358 1145 2428 venit¹.
1163 2358 1255 2428 Idem
1271 2357 1419 2454 perfecta

356 2487 460 2559 opem
493 2461 706 2579 -pmponebat
739 2463 894 2559 pergula'
926 2465 1186 2550 transeuntibus,
1217 2480 1316 2560 atque
1344 2482 1421 2561 post

398 2656 871 2726 95.Prlonineeudio.MeminitTrnn·
913 2648 981 2713 tanto
1001 2674 1088 2715 antem
1099 2660 1268 2733 spatioetiem
1282 2661 1419 2715 Plotinum

351 2737 491 2809 quillnoin
503 2728 627 2800 Octavio,
634 2754 711 2790 nui:
726 2760 738 2784 ι
747 2739 780 2790 In
793 2740 870 2792 retti-
912 2741 1050 2813 approbat.
1062 2740 1153 2795 ilino.

358 2816 490 2869 tutionem
500 2816 625 2869 Palatina
634 2814 731 2870 domus
742 2816 869 2871 incendio
954 2824 1001 2889 96.
1015 2822 1097 2874 Inoni.
1110 2821 1155 2873 Ab
1166 2820 1237 2873 omni
1251 2820 1357 2891 picture
1370 2838 1422 2873 nn·

357 2894 519 2965 autumpni,
539 2907 589 2948 eto.
604 2920 615 2941 ι
631 2894 809 2967 Interpolatuo
827 2898 871 2951 hio
913 2896 974 2952 dam
992 2920 999 2951 ε
1017 2916 1100 2971 quum
1119 2900 1202 2953 lineae
1215 2899 1297 2953 modo
1312 2911 1421 2964 tenues,

359 2972 622 3027 locuoloediuimein
631 2972 707 3028 libra
719 2974 872 3047 vulgatiead
912 2979 1012 3032 nullam
1028 2978 1141 3050 effigiem
1157 2979 1315 3037 contineret.
1329 2980 1421 3032 liano.

359 3052 432 3105 hono
444 3051 518 3108 diem
531 3051 569 3105 oio
587 3053 683 3123 legitur
696 3073 703 3106 ι
718 3080 729 3101 ι
738 3056 871 3109 Contum-
955 3076 978 3111 ι.
995 3059 1069 3128 Quod
1083 3058 1114 3109 ab
1132 3077 1160 3110 eo
1174 3061 1199 3111 ln
1210 3058 1360 3129 proverbium
1377 3076 1421 3110 ae·

358 3146 432 3204 ptem
446 3150 506 3185 enm
525 3143 627 3185 ennom
642 3132 733 3203 priore
745 3132 870 3189 incendio
912 3136 1111 3191 nia'Tralatitio
1126 3156 1203 3191 versu
1220 3159 1227 3188 ι
1244 3159 1256 3182 ι
1271 3138 1351 3191 Nulla
1364 3136 1421 3191 die·

357 3209 455 3264 domos
471 3210 582 3265 Ceteri·
600 3210 629 3263 io
647 3212 771 3278 Palatio,
794 3213 871 3268 avide
913 3216 1003 3282 abeat,
1013 3218 1077 3288 quin
1089 3216 1157 3271 linea
1168 3214 1246 3270 ducta
1256 3218 1387 3289 onpernt:
1405 3242 1417 3263 ·

357 3303 420 3344 ante
433 3290 536 3344 enobia
546 3303 687 3361 spectatam
697 3326 704 3349 .
716 3292 871 3364 spatiosiore
913 3294 1000 3359 Quem
1018 3314 1049 3349 ex
1071 3297 1181 3349 Horatio
1197 3296 1262 3349 {also
1281 3296 1422 3350 Salmasius

358 3368 535 3441 amplitudine
557 3370 625 3422 nihil
644 3369 717 3424 eliud
732 3372 872 3425 continen-
911 3374 1007 3429 citatio
1015 3374 1163 3446 Solinpag.
1176 3373 1422 3440 antonomum

359 3461 430 3512 tem,
442 3460 493 3501 etc.
505 3472 517 3495 ι
533 3447 566 3500 In
582 3450 649 3520 Reg.
667 3468 682 3501 a
698 3448 760 3505 cod.
779 3473 790 3494 ·
800 3450 872 3506 Con·
914 3452 1145 3518 Chil.1‚cent.t,
1161 3453 1247 3525 Adag.
1259 3473 1311 3509 n:
1328 3480 1339 3502 ι
1352 3454 1422 3509 Nul-

288 3539 292 3555 “
358 3539 500 3598 cumpton.
513 3564 520 3578 .
533 3564 540 3578 .
553 3526 581 3579 in
595 3528 696 3582 Palatio
710 3529 802 3597 undio,
815 3546 872 3602 epo-
912 3532 964 3587 lam
978 3532 1059 3587 hodie
1075 3533 1172 3587 lineam
1186 3532 1259 3587 duxi.
1274 3534 1390 3587 »Ham

358 3618 455 3660 etatem
477 3605 555 3659 nobie
581 3620 642 3660 ante
665 3610 779 3680 spatione
803 3610 875 3663 nihil*
953 3613 1106 3683 mergula.
1121 3612 1190 3666 Sunt
1206 3612 1254 3684 qni
1273 3616 1299 3665 ln
1315 3613 1421 3684 pergola

356 3683 432 3745 alind
446 3685 642 3752 continentem,
665 3700 716 3741 eto.
726 3712 738 3734 ι
754 3690 781 3741 Si
796 3689 871 3759 prino
912 3690 1009 3761 legent.
1023 3692 1141 3745 Lucilius
1154 3690 1306 3765 Satyrorum
1317 3712 1368 3755 xx,
1383 3692 1422 3744 oi·

357 3763 426 3821 illud
435 3762 588 3819 incendium
601 3777 652 3831 eet,
663 3779 871 3821 ntmeneceue
912 3772 1163 3837 tantummono,
1175 3772 1202 3837 1,
1219 3790 1252 3825 n
1266 3789 1274 3823 ι
1288 3797 1300 3820 ι
1308 3770 1422 3842 Pergula

357 3859 410 3904 ent,
429 3843 502 3916 quod
522 3844 626 3897 Octavii
641 3845 795 3917 principatu
807 3864 871 3901 con-
912 3849 1044 3919 pictorum
1056 3850 1204 3913 verinilnil‚
1219 3850 1309 3905 omnia
1321 3850 1392 3905 ficu.
1405 3876 1417 3899 ι

303 3928 307 3935 “
358 3922 718 3995 tigiuediximue,tnbnlam
741 3944 798 3979 enm
811 3926 869 3997 q'un
913 3928 1024 3999 Pergoln
1051 3930 1124 3983 locun
1147 3941 1186 3982 eit
1207 3928 1423 3983 accommodatus

357 4015 414 4056 tum
425 4015 581 4074 consumpta
594 4002 868 4077 truditur,tpeetatem
913 4008 1079 4077 exponendis
1108 4009 1187 4063 reboo
1219 4008 1370 4071 venalibus,
1392 4008 1420 4063 iu

358 4099 415 4135 ate
433 4082 536 4136 Plinius
557 4083 668 4153 gloriari
680 4086 742 4155 jure
754 4085 865 4157 nequit:
913 4084 985 4140 edito
1000 4089 1112 4157 ponitus.
1131 4086 1200 4143 cod.
1216 4086 1320 4141 Theod.
1335 4088 1420 4152 ΧΠΙ,

358 4179 440 4233 qum
459 4174 589 4231 spectatam
615 4162 672 4215 οΙῐιιι
701 4164 865 4218 maluimus:
913 4172 1033 4233 tv,t.4:
1051 4167 1185 4222 nl’ictura
1193 4168 1370 4240 pml'euoret.
1385 4204 1416 4223 .-
