3100 5125
379 516 450 604 460
653 520 692 586 C.
718 519 883 586 PLlNll
909 516 1016 586 NAT.
1043 515 1168 585 lllST.

433 653 573 722 Invenio
588 665 622 719 et
640 651 835 720 Canachum
856 633 1058 720 laudatum⁶⁶
1080 649 1167 717 inter
1184 648 1381 734 statuarios,
1404 649 1449 718 fe·

381 761 463 829 cisse
484 782 680 828 marmormea
703 759 774 826 Nec
792 760 920 827 Sauron
944 770 1042 850 atque
1059 753 1261 824 Batrachum
1282 753 1451 828 obliterari

381 867 554 950 convenit,
572 888 629 958 qur
622 863 751 932 secere
768 849 915 958 templa⁶
917 863 928 902 ⁷
942 863 1089 932 Octaviae
1102 861 1285 954 porticibus
1306 860 1450 946 inclusa,

382 975 517 1040 natione
531 973 593 1065 ipss
585 971 762 1040 Lacones.
774 970 919 1058 Quidam
932 983 966 1037 et
977 968 1095 1063 opibus
1109 981 1332 1063 praepotentes
1350 967 1451 1037 fuisse

382 1103 439 1148 eos
456 1091 593 1174 putant,
622 1101 661 1146 ac
683 1100 742 1145 sua
761 1078 911 1171 impensa
937 1075 1178 1161 construxisse,
1201 1075 1451 1169 inscriptionem

382 1198 563 1279 sperantes.
580 1186 657 1271 Qua
669 1196 810 1278 negata,
824 1183 889 1252 hoc
904 1196 1014 1251 tamen
1028 1178 1092 1249 alio
1105 1127 1180 1250 loesi
1193 1195 1227 1248 et
1242 1181 1345 1250 modo
1363 1205 1452 1250 usur-

382 1315 486 1386 passe.
510 1293 596 1360 Sunt
616 1303 705 1360 certe.
726 1291 906 1360 etiamnum
933 1289 965 1356 in
988 1285 1216 1358 columnarum
1243 1271 1376 1382 spiris⁶⁸
1402 1289 1450 1355 in·

383 1396 510 1491 scalpta
521 1421 695 1465 nominum
707 1379 1064 1489 eorumargumenta⁶⁹,
1077 1392 1201 1463 lacerta
1216 1393 1342 1486 atqne⁷⁰
1359 1417 1448 1461 rana.

382 1507 423 1570 In
433 1505 525 1572 Jovrs
536 1502 606 1571 arde
616 1504 776 1572 exstitisse
786 1503 966 1597 picturam
975 1498 1326 1594 cultusquereliquos⁷¹
1335 1525 1451 1568 omnes

385 1609 535 1677 femineis
561 1609 764 1704 argumentis
788 1622 926 1677 constat.
952 1608 1084 1677 Etenim
1110 1605 1197 1674 facta
1220 1607 1362 1675 lunonis
1385 1605 1452 1674 aede

385 1739 488 1809 quum
506 1715 710 1784 inferrentur
731 1717 844 1809 signa,
866 1727 1070 1808 permutasse
1096 1711 1200 1804 geruli
1209 1709 1234 1751 ⁷²
1257 1711 1450 1781 traduntur:

385 1836 419 1890 et
440 1822 475 1890 id
496 1820 654 1916 religione
683 1821 906 1906 custoditum,
940 1819 1032 1888 velut
1058 1820 1137 1913 ipsis
1166 1819 1239 1888 Diis
1269 1817 1381 1888 sedem
1408 1821 1453 1886 ita

385 1929 524 2022 partitis.
543 1931 634 2022 Ergo
656 1942 690 1996 et
702 1929 737 1996 in
754 1928 894 1997 lunonis
911 1925 980 1996 oede
996 1923 1103 1996 cultus
1119 1939 1184 2010 est,
1202 1925 1259 2018 qui
1272 1927 1365 1993 Jovis
1383 1949 1453 1994 esse

275 2023 279 2028 ⁷
385 2034 536 2105 debebat.

334 2159 366 2210 ²9
439 2144 524 2211 Sunt
540 2155 575 2209 et
588 2141 622 2208 in
640 2141 751 2235 parvis
766 2143 959 2210 marmoreis
975 2141 1096 2209 famam
1116 2139 1334 2232 consequuti,
1359 2140 1451 2233 Myr·

387 2232 558 2316 mecides⁷³
560 2247 682 2340 ‚cujus
700 2247 893 2342 quadrigam
918 2273 995 2316 cum
1015 2248 1175 2342 agitatore
1197 2246 1374 2340 cooperuit
1396 2243 1451 2314 alis

427 2422 474 2474 66.
481 2421 625 2472 Laudatum.
635 2419 695 2473 Lib.
706 2421 836 2485 XXXIV,
851 2441 896 2491 19.
983 2439 1030 2490 7⁰·
1055 2421 1158 2472 Lacerta
1181 2432 1253 2492 atque
1268 2439 1337 2472 runs.
1338 2419 1453 2491 Nempe

427 2503 474 2571 67.
491 2501 543 2570 Qus
545 2501 626 2568 fecere
639 2501 735 2570 templa
746 2500 861 2554 Iunonie
871 2515 898 2555 et
941 2501 1063 2554 lacertam
1076 2497 1161 2553 Graecr
1172 2519 1260 2571 ccupas
1274 2513 1299 2552 et
1307 2519 1401 2571 suuper
1411 2519 1454 2551 vo

388 2580 531 2652 Apollinis,
544 2593 574 2633 ut
587 2580 651 2632 alibi
667 2578 794 2634 diximus.
808 2580 898 2634 H.-
942 2594 1017 2635 cant·
1029 2581 1152 2651 βάτραχον
1166 2596 1267 2633 ranam.
1282 2581 1376 2634 Hann.

387 2659 491 2714 Sauran.
503 2661 575 2713 Brut.
587 2659 708 2721 Sauram,¹
720 2674 747 2715 et
758 2661 863 2731 paulo'
855 2682 898 2715 rn-
983 2679 1031 2731 71.
1049 2660 1179 2732 Cultusque
1202 2660 1312 2732 reliquas.
1334 2661 1416 2731 Signa
1431 2674 1454 2712 et

388 2741 427 2792 fra
435 2779 443 2804 ,
452 2740 502 2792 also
512 2740 581 2792 modo
592 2759 717 2810 usurpasse
723 2760 734 2803 ,·
749 2740 791 2793 bis
801 2761 898 2814 nempe
942 2756 1046 2794 maram
1053 2752 1175 2797 ornatus.
1186 2758 1245 2810 quae
1255 2741 1335 2793 sacris
1346 2738 1454 2793 dearum

388 2819 501 2872 vocibus
511 2821 565 2872 loca
576 2834 601 2872 et
610 2820 723 2874 omissis.
734 2822 785 2875 En.
942 2820 1100 2875 caerimoniis
1110 2819 1193 2890 magis
1203 2832 1392 2890 congruerent.
1409 2818 1440 2871 Η.

429 2901 697 2953 sternutamentum
718 2903 798 2972 spiris.
819 2901 898 2955 che·
986 2918 1033 2969 72.
1047 2899 1199 2951 Permutasse
1215 2900 1296 2969 geruli
1318 2899 1454 2951 traduntur.

388 2997 448 3031 mus
463 2977 498 3031 de
513 2979 621 3053 hiscap.
638 2980 684 3033 ⁵6.
707 2980 799 3033 Haeo.
812 3012 852 3023 -
868 2983 898 3033 Iu
941 2979 1006 3045 Quae
1018 2980 1092 3031 lovis
1108 2980 1208 3049 templo
1224 2978 1356 3032 destinata
1367 2990 1456 3043 eraut,

389 3059 626 3129 cohauuarumspirs‘s
637 3058 900 3131 inscalpta.Cl.Wiu·
942 3058 970 3110 in
984 3058 1100 3111 Junonie
1119 3056 1174 3111 nde
1194 3058 1332 3129 posuisse,
1351 3071 1380 3111 et
1400 3058 1455 3111 rice

389 3138 575 3201 chelmaunus.
589 3140 739 3193 Monumenti
751 3140 844 3193 antichi
860 3143 897 3191 in·
942 3156 1024 3191 versa.
1038 3138 1232 3191 tt-Detetn
1245 3140 1289 3191 Br.
1298 3138 1392 3191 debuit.
1403 3138 1455 3191 En.

390 3218 460 3279 editi,
479 3230 543 3271 tom.
559 3220 603 3283 ΙΙ,
622 3238 683 3290 pag.
702 3224 772 3290 269,
792 3218 899 3273 exhibet
984 3218 1034 3287 73.
1050 3218 1216 3291 Myrmecides.
1231 3217 1457 3271 Idemrefertffi·

390 3315 466 3351 num.
482 3302 535 3352 aod
551 3300 705 3370 capitellum
717 3299 839 3353 Ionicum
853 3318 899 3353 oo-
942 3297 1042 3363 limus,
1059 3298 1124 3351 Ver.
1139 3298 1239 3351 Histor.
1260 3297 1307 3349 lib.
1326 3299 1354 3362 1,
1371 3297 1420 3367 qni
1432 3310 1457 3349 et

390 3376 489 3429 lumnae
498 3378 571 3448 quod
584 3378 671 3432 adbuc
680 3380 862 3433 exstatllomae
872 3380 899 3433 in
944 3376 1017 3431 addit
1040 3378 1185 3449 elegiacum
1211 3376 1346 3431 distichon
1372 3377 1457 3429 aureis

390 3454 556 3529 templodiui
566 3459 701 3511 Laurentii
712 3472 787 3513 extra
799 3478 899 3513 muros.
945 3457 1039 3511 litteris
1052 3458 1180 3529 scriptum
1200 3458 1280 3510 fuisse
1304 3457 1332 3508 iu
1357 3457 1458 3509 semiue

391 3536 423 3588 In
446 3540 506 3606 ejus
520 3539 618 3591 volutis
639 3537 729 3591 sidere
744 3552 783 3592 eet
797 3557 828 3592 ex
848 3558 900 3593 una
944 3538 1051 3602 sesami,
1072 3538 1120 3589 lib.
1139 3538 1210 3599 vn,
1227 3556 1286 3607 cap.
1309 3554 1355 3589 ar.
1382 3534 1456 3589 Idem

390 3628 465 3686 parte
484 3636 576 3671 ranam
597 3620 742 3682 inversam,
763 3636 796 3671 ex
818 3618 900 3672 altera
943 3616 1122 3690 Myrmecides
1135 3632 1229 3669 navem
1241 3616 1389 3669 fabricatus
1400 3628 1454 3676 est,

390 3696 524 3750 lacertam.
543 3698 613 3750 Male
626 3716 690 3768 ergo
710 3697 767 3749 MS.
784 3696 849 3768 neg.
866 3698 897 3761 6,
945 3714 1026 3767 quam
1045 3696 1147 3767 apicula
1162 3696 1253 3767 pinnis
1267 3693 1456 3749 absconderet.

390 3775 455 3829 edit.
477 3778 565 3847 princ.
580 3791 606 3830 et
618 3778 659 3831 Cl.
678 3777 840 3831 Reuaouicus
853 3776 900 3829 ba·
943 3776 1043 3837 Varro,
1059 3777 1106 3830 lib.
1119 3774 1159 3827 VI
1173 3774 1206 3827 de
1224 3776 1327 3845 Lingua
1345 3774 1457 3827 latina:

391 3855 470 3922 beat,
486 3858 602 3928 epistyliis
624 3857 751 3926 insculpta.
769 3856 899 3928 Epiatylla
948 3856 1069 3908 «Etenim
1084 3856 1334 3909 faciliusobscurasn
1347 3872 1458 3924 operam

391 3935 463 3987 euim
481 3950 542 3989 sunt
556 3937 591 3989 les
602 3938 761 3999 murum,
776 3952 832 3987 aon
845 3937 900 4006 ipsa
945 3934 1117 4005 Myrmecidis
1125 3952 1159 3988 ex
1167 3935 1248 3987 ebore
1259 3934 1331 3987 oculi
1340 3932 1458 3995 videant,

392 4016 576 4069 columnarum
588 4015 719 4087 capitella.
732 4017 816 4069 Baor.
948 4016 968 4067 si
980 4016 1142 4069 extrinsecus
1151 4012 1310 4067 admoveant
1322 4014 1414 4085 nigras
1423 4030 1460 4063 se·

433 4098 481 4164 69.
490 4098 653 4165 Argumenta.
662 4095 746 4150 Gron.
755 4094 834 4153 etdl.
843 4107 903 4148 autc
948 4107 996 4148 tas.
1005 4120 1016 4141 ι
1032 4094 1157 4149 Hadrian.
1169 4094 1349 4155 Jun.lib.V1,
1362 4112 1420 4162 cap.
1433 4099 1457 4154 4.

393 4172 477 4228 llard.
488 4189 637 4245 arguuemo.
648 4175 699 4229 En.
949 4176 1052 4229 Danao.
1064 4207 1103 4218 -
1112 4174 1278 4246 sliyrm'ccides.
1292 4174 1328 4229 Et
1338 4172 1419 4227 aliam
1427 4190 1461 4237 eu
